@BOOK{1967aits.book.....C,
   author = {{Chandrasekhar}, S.},
    title = "{An introduction to the study of stellar structure}",
publisher = {Dover Publications, Inc.},
 keywords = {STARS, STELLAR STRUCTURE, INTRODUCTIONS},
booktitle = {New York: Dover, 1967},
     year = 1967,
   adsurl = {http://adsabs.harvard.edu/abs/1967aits.book.....C},
  adsnote = {Provided by the SAO/NASA Astrophysics Data System}
}

@BOOK{1993sfu..book.....P,
   author = {{Padmanabhan}, T.},
    title = "{Structure Formation in the Universe}",
booktitle = {Structure Formation in the Universe, by T.~Padmanabhan, pp.~499.~ISBN 0521424860.~Cambridge, UK: Cambridge University Press, June 1993.},
     year = 1993,
    month = may,
    pages = {499},
   adsurl = {http://adsabs.harvard.edu/abs/1993sfu..book.....P},
  adsnote = {Provided by the SAO/NASA Astrophysics Data System}
}

@BOOK{Binney2008,
  author = {James Binney and Scott Tremaine},
  title = {Galactic Dynamics},
  publisher = {Princeton University Press},
  year = {2008},
  pages = {920},
  edition = {2}
}

@book{shapiro_black_2008,
	title = {Black {Holes}, {White} {Dwarfs} and {Neutron} {Stars}: {The} {Physics} of {Compact} {Objects}},
	isbn = {978-3-527-61767-8},
	url = {https://books.google.it/books?id=CB2kZ-vMhaoC},
	publisher = {Wiley},
	author = {Shapiro, S.L. and Teukolsky, S.A.},
	year = {2008}
}

@book{bertone2010particle,
  title={Particle Dark Matter: Observations, Models and Searches},
  author={Bertone, G.},
  isbn={9780521763684},
  lccn={2009044256},
  url={https://books.google.it/books?id=szrTSWO7D-8C},
  year={2010},
  publisher={Cambridge University Press}
}