@ARTICLE{2022MNRAS.511L..35A,
       author = {{Arg{\"u}elles}, C.~R. and {Mestre}, M.~F. and {Becerra-Vergara}, E.~A. and {Crespi}, V. and {Krut}, A. and {Rueda}, J.~A. and {Ruffini}, R.},
        title = "{What does lie at the Milky Way centre? Insights from the S2-star orbit precession}",
      journal = {\mnras},
     keywords = {stars: kinematics and dynamics, Galaxy: centre, Galaxy: structure, dark matter, Astrophysics - Astrophysics of Galaxies},
         year = 2022,
        month = mar,
       volume = {511},
       number = {1},
        pages = {L35-L39},
          doi = {10.1093/mnrasl/slab126},
archivePrefix = {arXiv},
       eprint = {2109.10729},
 primaryClass = {astro-ph.GA},
       adsurl = {https://ui.adsabs.harvard.edu/abs/2022MNRAS.511L..35A},
      adsnote = {Provided by the SAO/NASA Astrophysics Data System}
}

@ARTICLE{2022IJMPD..3130002A,
       author = {{Arg{\"u}elles}, C.~R. and {Becerra-Vergara}, E.~A. and {Krut}, A. and {Yunis}, R. and {Rueda}, J.~A. and {Ruffini}, R.},
        title = "{Reshaping our understanding on structure formation with the quantum nature of the dark matter}",
      journal = {International Journal of Modern Physics D},
     keywords = {Dark matter halos, galaxies, supermassive black holes, self-gravitating systems, fermions, Astrophysics - Astrophysics of Galaxies},
         year = 2022,
        month = jan,
       volume = {31},
       number = {2},
          eid = {2230002},
        pages = {2230002},
          doi = {10.1142/S0218271822300026},
archivePrefix = {arXiv},
       eprint = {2111.06199},
 primaryClass = {astro-ph.GA},
       adsurl = {https://ui.adsabs.harvard.edu/abs/2022IJMPD..3130002A},
      adsnote = {Provided by the SAO/NASA Astrophysics Data System}
}

@ARTICLE{2021MNRAS.505L..64B,
       author = {{Becerra-Vergara}, E.~A. and {Arg{\"u}elles}, C.~R. and {Krut}, A. and {Rueda}, J.~A. and {Ruffini}, R.},
        title = "{Hinting a dark matter nature of Sgr A* via the S-stars}",
      journal = {\mnras},
     keywords = {Elementary particles, Dark matter, Astrophysics - Astrophysics of Galaxies, Astrophysics - High Energy Astrophysical Phenomena},
         year = 2021,
        month = jul,
       volume = {505},
       number = {1},
        pages = {L64-L68},
          doi = {10.1093/mnrasl/slab051},
archivePrefix = {arXiv},
       eprint = {2105.06301},
 primaryClass = {astro-ph.GA},
       adsurl = {https://ui.adsabs.harvard.edu/abs/2021MNRAS.505L..64B},
      adsnote = {Provided by the SAO/NASA Astrophysics Data System}
}

@ARTICLE{2021MNRAS.504.2832S,
       author = {{S{\'a}nchez Almeida}, Jorge and {Trujillo}, Ignacio},
        title = "{Numerical simulations of dark matter haloes produce polytropic central cores when reaching thermodynamic equilibrium}",
      journal = {\mnras},
     keywords = {gravitation, galaxies: formation, galaxies: haloes, galaxies: structure, dark matter, Astrophysics - Astrophysics of Galaxies, Astrophysics - Cosmology and Nongalactic Astrophysics},
         year = 2021,
        month = jun,
       volume = {504},
       number = {2},
        pages = {2832-2840},
          doi = {10.1093/mnras/stab1103},
archivePrefix = {arXiv},
       eprint = {2104.08055},
 primaryClass = {astro-ph.GA},
       adsurl = {https://ui.adsabs.harvard.edu/abs/2021MNRAS.504.2832S},
      adsnote = {Provided by the SAO/NASA Astrophysics Data System}
}

@ARTICLE{2021MNRAS.502.4227A,
       author = {{Arg{\"u}elles}, Carlos R. and {D{\'\i}az}, Manuel I. and {Krut}, Andreas and {Yunis}, Rafael},
        title = "{On the formation and stability of fermionic dark matter haloes in a cosmological framework}",
      journal = {\mnras},
     keywords = {methods: numerical, galaxies: haloes, galaxies: nuclei, galaxies: formation, galaxies: structure, dark matter, Astrophysics - Astrophysics of Galaxies},
         year = 2021,
        month = apr,
       volume = {502},
       number = {3},
        pages = {4227-4246},
          doi = {10.1093/mnras/staa3986},
archivePrefix = {arXiv},
       eprint = {2012.11709},
 primaryClass = {astro-ph.GA},
       adsurl = {https://ui.adsabs.harvard.edu/abs/2021MNRAS.502.4227A},
      adsnote = {Provided by the SAO/NASA Astrophysics Data System}
}

@ARTICLE{2020EPJB...93..208A,
       author = {{Alberti}, Giuseppe and {Chavanis}, Pierre-Henri},
        title = "{Caloric curves of self-gravitating fermions in general relativity}",
      journal = {European Physical Journal B},
     keywords = {Statistical and Nonlinear Physics, General Relativity and Quantum Cosmology},
         year = 2020,
        month = nov,
       volume = {93},
       number = {11},
          eid = {208},
        pages = {208},
          doi = {10.1140/epjb/e2020-100557-6},
archivePrefix = {arXiv},
       eprint = {1808.01007},
 primaryClass = {gr-qc},
       adsurl = {https://ui.adsabs.harvard.edu/abs/2020EPJB...93..208A},
      adsnote = {Provided by the SAO/NASA Astrophysics Data System}
}

@ARTICLE{2020A&A...641A..34B,
       author = {{Becerra-Vergara}, E.~A. and {Arg{\"u}elles}, C.~R. and {Krut}, A. and {Rueda}, J.~A. and {Ruffini}, R.},
        title = "{Geodesic motion of S2 and G2 as a test of the fermionic dark matter nature of our Galactic core}",
      journal = {\aap},
     keywords = {Galaxy: center, Galaxy: kinematics and dynamics, Galaxy: structure, dark matter, elementary particles, Astrophysics - Astrophysics of Galaxies, General Relativity and Quantum Cosmology},
         year = 2020,
        month = sep,
       volume = {641},
          eid = {A34},
        pages = {A34},
          doi = {10.1051/0004-6361/201935990},
archivePrefix = {arXiv},
       eprint = {2007.11478},
 primaryClass = {astro-ph.GA},
       adsurl = {https://ui.adsabs.harvard.edu/abs/2020A&A...641A..34B},
      adsnote = {Provided by the SAO/NASA Astrophysics Data System}
}

@ARTICLE{2020JCAP...06..027K,
       author = {{Kaplinghat}, Manoj and {Ren}, Tao and {Yu}, Hai-Bo},
        title = "{Dark matter cores and cusps in spiral galaxies and their explanations}",
      journal = {\jcap},
     keywords = {Astrophysics - Astrophysics of Galaxies, Astrophysics - Cosmology and Nongalactic Astrophysics, High Energy Physics - Phenomenology},
         year = 2020,
        month = jun,
       volume = {2020},
       number = {6},
          eid = {027},
        pages = {027},
          doi = {10.1088/1475-7516/2020/06/027},
archivePrefix = {arXiv},
       eprint = {1911.00544},
 primaryClass = {astro-ph.GA},
       adsurl = {https://ui.adsabs.harvard.edu/abs/2020JCAP...06..027K},
      adsnote = {Provided by the SAO/NASA Astrophysics Data System}
}

@ARTICLE{2020MNRAS.494.2875M,
       author = {{Marra}, Valerio and {Rodrigues}, Davi C. and {de Almeida}, {\'A}lefe O.~F.},
        title = "{A fundamental test for MOND}",
      journal = {\mnras},
     keywords = {galaxies: kinematics and dynamic, galaxies: spiral, dark matter, Astrophysics - Astrophysics of Galaxies, Astrophysics - Cosmology and Nongalactic Astrophysics, General Relativity and Quantum Cosmology},
         year = 2020,
        month = may,
       volume = {494},
       number = {2},
        pages = {2875-2885},
          doi = {10.1093/mnras/staa890},
archivePrefix = {arXiv},
       eprint = {2002.03946},
 primaryClass = {astro-ph.GA},
       adsurl = {https://ui.adsabs.harvard.edu/abs/2020MNRAS.494.2875M},
      adsnote = {Provided by the SAO/NASA Astrophysics Data System}
}

@ARTICLE{2020EPJP..135..290C,
       author = {{Chavanis}, Pierre-Henri},
        title = "{Statistical mechanics of self-gravitating systems in general relativity: I. The quantum Fermi gas}",
      journal = {European Physical Journal Plus},
     keywords = {General Relativity and Quantum Cosmology},
         year = 2020,
        month = mar,
       volume = {135},
       number = {3},
          eid = {290},
        pages = {290},
          doi = {10.1140/epjp/s13360-020-00268-0},
archivePrefix = {arXiv},
       eprint = {1908.10806},
 primaryClass = {gr-qc},
       adsurl = {https://ui.adsabs.harvard.edu/abs/2020EPJP..135..290C},
      adsnote = {Provided by the SAO/NASA Astrophysics Data System}
}

@ARTICLE{2020ApJS..247...31L,
       author = {{Li}, Pengfei and {Lelli}, Federico and {McGaugh}, Stacy and {Schombert}, James},
        title = "{A Comprehensive Catalog of Dark Matter Halo Models for SPARC Galaxies}",
      journal = {\apjs},
     keywords = {1880, 591, 595, 594, 619, 602, 356, 265, 1560, 416, 907, Astrophysics - Astrophysics of Galaxies, Astrophysics - Cosmology and Nongalactic Astrophysics},
         year = 2020,
        month = mar,
       volume = {247},
       number = {1},
          eid = {31},
        pages = {31},
          doi = {10.3847/1538-4365/ab700e},
archivePrefix = {arXiv},
       eprint = {2001.10538},
 primaryClass = {astro-ph.GA},
       adsurl = {https://ui.adsabs.harvard.edu/abs/2020ApJS..247...31L},
      adsnote = {Provided by the SAO/NASA Astrophysics Data System}
}

@ARTICLE{2019MNRAS.485.1886D,
       author = {{Dutton}, Aaron A. and {Macci{\`o}}, Andrea V. and {Obreja}, Aura and {Buck}, Tobias},
        title = "{NIHAO - XVIII. Origin of the MOND phenomenology of galactic rotation curves in a {\ensuremath{\Lambda}}CDM universe}",
      journal = {\mnras},
     keywords = {methods: numerical, galaxies: fundamental parameters, galaxies: haloes, galaxies: kinematics and dynamics, dark matter, Astrophysics - Astrophysics of Galaxies, Astrophysics - Cosmology and Nongalactic Astrophysics},
         year = 2019,
        month = may,
       volume = {485},
       number = {2},
        pages = {1886-1899},
          doi = {10.1093/mnras/stz531},
archivePrefix = {arXiv},
       eprint = {1902.06751},
 primaryClass = {astro-ph.GA},
       adsurl = {https://ui.adsabs.harvard.edu/abs/2019MNRAS.485.1886D},
      adsnote = {Provided by the SAO/NASA Astrophysics Data System}
}

@ARTICLE{2019ApJ...877...18C,
       author = {{Chae}, Kyu-Hyun and {Bernardi}, Mariangela and {Sheth}, Ravi K. and {Gong}, In-Taek},
        title = "{Radial Acceleration Relation between Baryons and Dark or Phantom Matter in the Supercritical Acceleration Regime of Nearly Spherical Galaxies}",
      journal = {\apj},
     keywords = {dark matter, galaxies: kinematics and dynamics, galaxies: structure, gravitation, Astrophysics - Astrophysics of Galaxies, Astrophysics - Cosmology and Nongalactic Astrophysics, General Relativity and Quantum Cosmology, High Energy Physics - Theory},
         year = 2019,
        month = may,
       volume = {877},
       number = {1},
          eid = {18},
        pages = {18},
          doi = {10.3847/1538-4357/ab18f8},
archivePrefix = {arXiv},
       eprint = {1707.08280},
 primaryClass = {astro-ph.GA},
       adsurl = {https://ui.adsabs.harvard.edu/abs/2019ApJ...877...18C},
      adsnote = {Provided by the SAO/NASA Astrophysics Data System}
}

@ARTICLE{2019ApJ...873..106D,
       author = {{Di Paolo}, C. and {Salucci}, P. and {Fontaine}, J.~P.},
        title = "{The Radial Acceleration Relation (RAR): Crucial Cases of Dwarf Disks and Low-surface-brightness Galaxies}",
      journal = {\apj},
     keywords = {dark matter, galaxies: fundamental parameters, galaxies: kinematics and dynamics, galaxies: structure, Astrophysics - Astrophysics of Galaxies, High Energy Physics - Phenomenology},
         year = 2019,
        month = mar,
       volume = {873},
       number = {2},
          eid = {106},
        pages = {106},
          doi = {10.3847/1538-4357/aaffd6},
archivePrefix = {arXiv},
       eprint = {1810.08472},
 primaryClass = {astro-ph.GA},
       adsurl = {https://ui.adsabs.harvard.edu/abs/2019ApJ...873..106D},
      adsnote = {Provided by the SAO/NASA Astrophysics Data System}
}

@ARTICLE{2019PDU....24..278A,
       author = {{Arg{\"u}elles}, C.~R. and {Krut}, A. and {Rueda}, J.~A. and {Ruffini}, R.},
        title = "{Novel constraints on fermionic dark matter from galactic observables II: Galaxy scaling relations}",
      journal = {Physics of the Dark Universe},
     keywords = {Methods, Numerical - cosmology, Dark matter - galaxies, Halos, Nuclei, Structure},
         year = 2019,
        month = mar,
       volume = {24},
          eid = {100278},
        pages = {100278},
          doi = {10.1016/j.dark.2019.100278},
       adsurl = {https://ui.adsabs.harvard.edu/abs/2019PDU....24..278A},
      adsnote = {Provided by the SAO/NASA Astrophysics Data System}
}

@ARTICLE{2018FoPh...48.1517S,
       author = {{Salucci}, Paolo},
        title = "{Dark Matter in Galaxies: Evidences and Challenges}",
      journal = {Foundations of Physics},
     keywords = {Dark matter, Galaxies, Cosmology, Astrophysics - Astrophysics of Galaxies, Astrophysics - Cosmology and Nongalactic Astrophysics, General Relativity and Quantum Cosmology},
         year = 2018,
        month = oct,
       volume = {48},
       number = {10},
        pages = {1517-1537},
          doi = {10.1007/s10701-018-0209-5},
archivePrefix = {arXiv},
       eprint = {1807.08541},
 primaryClass = {astro-ph.GA},
       adsurl = {https://ui.adsabs.harvard.edu/abs/2018FoPh...48.1517S},
      adsnote = {Provided by the SAO/NASA Astrophysics Data System}
}

@ARTICLE{2018PDU....21...82A,
       author = {{Arg{\"u}elles}, C.~R. and {Krut}, A. and {Rueda}, J.~A. and {Ruffini}, R.},
        title = "{Novel constraints on fermionic dark matter from galactic observables I: The Milky Way}",
      journal = {Physics of the Dark Universe},
     keywords = {Methods: numerical, Cosmology: dark matter, Galaxies: halos, nuclei, structure, Astrophysics - Astrophysics of Galaxies},
         year = 2018,
        month = sep,
       volume = {21},
          eid = {82},
        pages = {82},
          doi = {10.1016/j.dark.2018.07.002},
archivePrefix = {arXiv},
       eprint = {1810.00405},
 primaryClass = {astro-ph.GA},
       adsurl = {https://ui.adsabs.harvard.edu/abs/2018PDU....21...82A},
      adsnote = {Provided by the SAO/NASA Astrophysics Data System}
}

@ARTICLE{2018A&A...615A...3L,
       author = {{Li}, Pengfei and {Lelli}, Federico and {McGaugh}, Stacy and {Schombert}, James},
        title = "{Fitting the radial acceleration relation to individual SPARC galaxies}",
      journal = {\aap},
     keywords = {dark matter, Galaxy: kinematics and dynamics, galaxies: spiral, galaxies: dwarf, galaxies: irregular, Astrophysics - Astrophysics of Galaxies, Astrophysics - Cosmology and Nongalactic Astrophysics},
         year = 2018,
        month = jul,
       volume = {615},
          eid = {A3},
        pages = {A3},
          doi = {10.1051/0004-6361/201732547},
archivePrefix = {arXiv},
       eprint = {1803.00022},
 primaryClass = {astro-ph.GA},
       adsurl = {https://ui.adsabs.harvard.edu/abs/2018A&A...615A...3L},
      adsnote = {Provided by the SAO/NASA Astrophysics Data System}
}

@ARTICLE{2018MNRAS.474.3125T,
       author = {{Tenneti}, Ananth and {Mao}, Yao-Yuan and {Croft}, Rupert A.~C. and {Di Matteo}, Tiziana and {Kosowsky}, Arthur and {Zago}, Fernando and {Zentner}, Andrew R.},
        title = "{The radial acceleration relation in disc galaxies in the MassiveBlack-II simulation}",
      journal = {\mnras},
     keywords = {methods: numerical, galaxies: haloes, galaxies: kinematics and dynamics, dark matter, Astrophysics - Astrophysics of Galaxies},
         year = 2018,
        month = mar,
       volume = {474},
       number = {3},
        pages = {3125-3132},
          doi = {10.1093/mnras/stx3010},
archivePrefix = {arXiv},
       eprint = {1703.05287},
 primaryClass = {astro-ph.GA},
       adsurl = {https://ui.adsabs.harvard.edu/abs/2018MNRAS.474.3125T},
      adsnote = {Provided by the SAO/NASA Astrophysics Data System}
}

@ARTICLE{2017arXiv171101693A,
       author = {{Andernach}, Heinz and {Zwicky}, Fritz},
        title = "{English and Spanish Translation of Zwicky's (1933) The Redshift of Extragalactic Nebulae}",
      journal = {arXiv e-prints},
     keywords = {Astrophysics - Instrumentation and Methods for Astrophysics, Astrophysics - Astrophysics of Galaxies},
         year = 2017,
        month = nov,
          eid = {arXiv:1711.01693},
        pages = {arXiv:1711.01693},
archivePrefix = {arXiv},
       eprint = {1711.01693},
 primaryClass = {astro-ph.IM},
       adsurl = {https://ui.adsabs.harvard.edu/abs/2017arXiv171101693A},
      adsnote = {Provided by the SAO/NASA Astrophysics Data System}
}

@ARTICLE{2017MNRAS.471.1841N,
       author = {{Navarro}, Julio F. and {Ben{\'\i}tez-Llambay}, Alejandro and {Fattahi}, Azadeh and {Frenk}, Carlos S. and {Ludlow}, Aaron D. and {Oman}, Kyle A. and {Schaller}, Matthieu and {Theuns}, Tom},
        title = "{The origin of the mass discrepancy-acceleration relation in {\ensuremath{\Lambda}}CDM}",
      journal = {\mnras},
     keywords = {galaxies: formation, galaxies: fundamental parameters, galaxies: kinematics and dynamics, galaxies: structure, dark matter, Astrophysics - Astrophysics of Galaxies, Astrophysics - Cosmology and Nongalactic Astrophysics},
         year = 2017,
        month = oct,
       volume = {471},
       number = {2},
        pages = {1841-1848},
          doi = {10.1093/mnras/stx1705},
archivePrefix = {arXiv},
       eprint = {1612.06329},
 primaryClass = {astro-ph.GA},
       adsurl = {https://ui.adsabs.harvard.edu/abs/2017MNRAS.471.1841N},
      adsnote = {Provided by the SAO/NASA Astrophysics Data System}
}

@ARTICLE{2017MNRAS.469.2539K,
       author = {{Kalinova}, V. and {Colombo}, D. and {Rosolowsky}, E. and {Kannan}, R. and {Galbany}, L. and {Garc{\'\i}a-Benito}, R. and {Gonz{\'a}lez Delgado}, R. and {S{\'a}nchez}, S.~F. and {Ruiz-Lara}, T. and {M{\'e}ndez-Abreu}, J. and {Catal{\'a}n-Torrecilla}, C. and {S{\'a}nchez-Menguiano}, L. and {de Lorenzo-C{\'a}ceres}, A. and {Costantin}, L. and {Florido}, E. and {Kodaira}, K. and {Marino}, R.~A. and {L{\"a}sker}, R. and {Bland-Hawthorn}, J.},
        title = "{Towards a new classification of galaxies: principal component analysis of CALIFA circular velocity curves}",
      journal = {\mnras},
     keywords = {methods: data analysis, methods: statistical, galaxies: evolution, galaxies: kinematics and dynamics, galaxies: structure, Astrophysics - Astrophysics of Galaxies, Astrophysics - Cosmology and Nongalactic Astrophysics},
         year = 2017,
        month = aug,
       volume = {469},
       number = {3},
        pages = {2539-2594},
          doi = {10.1093/mnras/stx901},
archivePrefix = {arXiv},
       eprint = {1509.03352},
 primaryClass = {astro-ph.GA},
       adsurl = {https://ui.adsabs.harvard.edu/abs/2017MNRAS.469.2539K},
      adsnote = {Provided by the SAO/NASA Astrophysics Data System}
}

@ARTICLE{2017ARA&A..55..343B,
       author = {{Bullock}, James S. and {Boylan-Kolchin}, Michael},
        title = "{Small-Scale Challenges to the {\ensuremath{\Lambda}}CDM Paradigm}",
      journal = {\araa},
     keywords = {Astrophysics - Cosmology and Nongalactic Astrophysics, High Energy Physics - Phenomenology},
         year = 2017,
        month = aug,
       volume = {55},
       number = {1},
        pages = {343-387},
          doi = {10.1146/annurev-astro-091916-055313},
archivePrefix = {arXiv},
       eprint = {1707.04256},
 primaryClass = {astro-ph.CO},
       adsurl = {https://ui.adsabs.harvard.edu/abs/2017ARA&A..55..343B},
      adsnote = {Provided by the SAO/NASA Astrophysics Data System}
}

@ARTICLE{2017MNRAS.468L..68L,
       author = {{Lelli}, Federico and {McGaugh}, Stacy S. and {Schombert}, James M.},
        title = "{Testing Verlinde's emergent gravity with the radial acceleration relation}",
      journal = {\mnras},
     keywords = {gravitation, galaxies: irregular, galaxies: kinematics and dynamics, galaxies: spiral, dark matter, Astrophysics - Astrophysics of Galaxies, Astrophysics - Cosmology and Nongalactic Astrophysics, General Relativity and Quantum Cosmology, High Energy Physics - Theory},
         year = 2017,
        month = jun,
       volume = {468},
       number = {1},
        pages = {L68-L71},
          doi = {10.1093/mnrasl/slx031},
archivePrefix = {arXiv},
       eprint = {1702.04355},
 primaryClass = {astro-ph.GA},
       adsurl = {https://ui.adsabs.harvard.edu/abs/2017MNRAS.468L..68L},
      adsnote = {Provided by the SAO/NASA Astrophysics Data System}
}

@ARTICLE{2017MNRAS.466.1648K,
       author = {{Katz}, Harley and {Lelli}, Federico and {McGaugh}, Stacy S. and {Di Cintio}, Arianna and {Brook}, Chris B. and {Schombert}, James M.},
        title = "{Testing feedback-modified dark matter haloes with galaxy rotation curves: estimation of halo parameters and consistency with {\ensuremath{\Lambda}}CDM scaling relations}",
      journal = {\mnras},
     keywords = {galaxies: evolution, galaxies: formation, galaxies: general, galaxies: haloes, Astrophysics - Astrophysics of Galaxies},
         year = 2017,
        month = apr,
       volume = {466},
       number = {2},
        pages = {1648-1668},
          doi = {10.1093/mnras/stw3101},
archivePrefix = {arXiv},
       eprint = {1605.05971},
 primaryClass = {astro-ph.GA},
       adsurl = {https://ui.adsabs.harvard.edu/abs/2017MNRAS.466.1648K},
      adsnote = {Provided by the SAO/NASA Astrophysics Data System}
}

@ARTICLE{2017PhRvL.118p1103L,
       author = {{Ludlow}, Aaron D. and {Ben{\'\i}tez-Llambay}, Alejandro and {Schaller}, Matthieu and {Theuns}, Tom and {Frenk}, Carlos S. and {Bower}, Richard and {Schaye}, Joop and {Crain}, Robert A. and {Navarro}, Julio F. and {Fattahi}, Azadeh and {Oman}, Kyle A.},
        title = "{Mass-Discrepancy Acceleration Relation: A Natural Outcome of Galaxy Formation in Cold Dark Matter Halos}",
      journal = {\prl},
     keywords = {Astrophysics - Astrophysics of Galaxies, Astrophysics - Cosmology and Nongalactic Astrophysics},
         year = 2017,
        month = apr,
       volume = {118},
       number = {16},
          eid = {161103},
        pages = {161103},
          doi = {10.1103/PhysRevLett.118.161103},
archivePrefix = {arXiv},
       eprint = {1610.07663},
 primaryClass = {astro-ph.GA},
       adsurl = {https://ui.adsabs.harvard.edu/abs/2017PhRvL.118p1103L},
      adsnote = {Provided by the SAO/NASA Astrophysics Data System}
}

@ARTICLE{2017ApJ...836..152L,
       author = {{Lelli}, Federico and {McGaugh}, Stacy S. and {Schombert}, James M. and {Pawlowski}, Marcel S.},
        title = "{One Law to Rule Them All: The Radial Acceleration Relation of Galaxies}",
      journal = {\apj},
     keywords = {dark matter, galaxies: dwarf, galaxies: elliptical and lenticular, cD, galaxies: irregular, galaxies: kinematics and dynamics, galaxies: spiral, Astrophysics - Astrophysics of Galaxies},
         year = 2017,
        month = feb,
       volume = {836},
       number = {2},
          eid = {152},
        pages = {152},
          doi = {10.3847/1538-4357/836/2/152},
archivePrefix = {arXiv},
       eprint = {1610.08981},
 primaryClass = {astro-ph.GA},
       adsurl = {https://ui.adsabs.harvard.edu/abs/2017ApJ...836..152L},
      adsnote = {Provided by the SAO/NASA Astrophysics Data System}
}

@ARTICLE{2017PASJ...69R...1S,
       author = {{Sofue}, Yoshiaki},
        title = "{Rotation and mass in the Milky Way and spiral galaxies}",
      journal = {\pasj},
     keywords = {dark matter, galaxies: fundamental parameters, galaxies: kinematics and dynamics, galaxies: structure, Galaxy: fundamental parameters, Galaxy: kinematics and dynamics, Galaxy: structure, Astrophysics - Astrophysics of Galaxies},
         year = 2017,
        month = feb,
       volume = {69},
       number = {1},
          eid = {R1},
        pages = {R1},
          doi = {10.1093/pasj/psw103},
archivePrefix = {arXiv},
       eprint = {1608.08350},
 primaryClass = {astro-ph.GA},
       adsurl = {https://ui.adsabs.harvard.edu/abs/2017PASJ...69R...1S},
      adsnote = {Provided by the SAO/NASA Astrophysics Data System}
}

@ARTICLE{2017MNRAS.464.4520B,
       author = {{Bose}, Sownak and {Hellwing}, Wojciech A. and {Frenk}, Carlos S. and {Jenkins}, Adrian and {Lovell}, Mark R. and {Helly}, John C. and {Li}, Baojiu and {Gonzalez-Perez}, Violeta and {Gao}, Liang},
        title = "{Substructure and galaxy formation in the Copernicus Complexio warm dark matter simulations}",
      journal = {\mnras},
     keywords = {methods: numerical, galaxies: evolution, galaxies: high redshift, dark matter, Astrophysics - Cosmology and Nongalactic Astrophysics, Astrophysics - Astrophysics of Galaxies},
         year = 2017,
        month = feb,
       volume = {464},
       number = {4},
        pages = {4520-4533},
          doi = {10.1093/mnras/stw2686},
archivePrefix = {arXiv},
       eprint = {1604.07409},
 primaryClass = {astro-ph.CO},
       adsurl = {https://ui.adsabs.harvard.edu/abs/2017MNRAS.464.4520B},
      adsnote = {Provided by the SAO/NASA Astrophysics Data System}
}

@ARTICLE{2017ApJ...835L..17K,
       author = {{Keller}, B.~W. and {Wadsley}, J.~W.},
        title = "{{\ensuremath{\Lambda}}CDM is Consistent with SPARC Radial Acceleration Relation}",
      journal = {\apjl},
     keywords = {dark matter, galaxies: evolution, galaxies: kinematics and dynamics, gravitation, Astrophysics - Astrophysics of Galaxies},
         year = 2017,
        month = jan,
       volume = {835},
       number = {1},
          eid = {L17},
        pages = {L17},
          doi = {10.3847/2041-8213/835/1/L17},
archivePrefix = {arXiv},
       eprint = {1610.06183},
 primaryClass = {astro-ph.GA},
       adsurl = {https://ui.adsabs.harvard.edu/abs/2017ApJ...835L..17K},
      adsnote = {Provided by the SAO/NASA Astrophysics Data System}
}

@ARTICLE{2016arXiv161208857S,
       author = {{Salucci}, Paolo},
        title = "{Dark Matter Strikes Back}",
      journal = {arXiv e-prints},
     keywords = {Astrophysics - Astrophysics of Galaxies},
         year = 2016,
        month = dec,
          eid = {arXiv:1612.08857},
        pages = {arXiv:1612.08857},
archivePrefix = {arXiv},
       eprint = {1612.08857},
 primaryClass = {astro-ph.GA},
       adsurl = {https://ui.adsabs.harvard.edu/abs/2016arXiv161208857S},
      adsnote = {Provided by the SAO/NASA Astrophysics Data System}
}

@ARTICLE{2016AJ....152..157L,
       author = {{Lelli}, Federico and {McGaugh}, Stacy S. and {Schombert}, James M.},
        title = "{SPARC: Mass Models for 175 Disk Galaxies with Spitzer Photometry and Accurate Rotation Curves}",
      journal = {\aj},
     keywords = {dark matter, galaxies: dwarf, galaxies: irregular, galaxies: kinematics and dynamics, galaxies: spiral, galaxies: structure, Astrophysics - Astrophysics of Galaxies, Astrophysics - Cosmology and Nongalactic Astrophysics},
         year = 2016,
        month = dec,
       volume = {152},
       number = {6},
          eid = {157},
        pages = {157},
          doi = {10.3847/0004-6256/152/6/157},
archivePrefix = {arXiv},
       eprint = {1606.09251},
 primaryClass = {astro-ph.GA},
       adsurl = {https://ui.adsabs.harvard.edu/abs/2016AJ....152..157L},
      adsnote = {Provided by the SAO/NASA Astrophysics Data System}
}

@ARTICLE{2016PhRvL.117t1101M,
       author = {{McGaugh}, Stacy S. and {Lelli}, Federico and {Schombert}, James M.},
        title = "{Radial Acceleration Relation in Rotationally Supported Galaxies}",
      journal = {\prl},
     keywords = {Astrophysics - Astrophysics of Galaxies},
         year = 2016,
        month = nov,
       volume = {117},
       number = {20},
          eid = {201101},
        pages = {201101},
          doi = {10.1103/PhysRevLett.117.201101},
archivePrefix = {arXiv},
       eprint = {1609.05917},
 primaryClass = {astro-ph.GA},
       adsurl = {https://ui.adsabs.harvard.edu/abs/2016PhRvL.117t1101M},
      adsnote = {Provided by the SAO/NASA Astrophysics Data System}
}

@ARTICLE{2016arXiv160906642M,
       author = {{Milgrom}, Mordehai},
        title = "{MOND impact on and of the recently updated mass-discrepancy-acceleration relation}",
      journal = {arXiv e-prints},
     keywords = {Astrophysics - Astrophysics of Galaxies, Astrophysics - Cosmology and Nongalactic Astrophysics, General Relativity and Quantum Cosmology, High Energy Physics - Phenomenology},
         year = 2016,
        month = sep,
          eid = {arXiv:1609.06642},
        pages = {arXiv:1609.06642},
archivePrefix = {arXiv},
       eprint = {1609.06642},
 primaryClass = {astro-ph.GA},
       adsurl = {https://ui.adsabs.harvard.edu/abs/2016arXiv160906642M},
      adsnote = {Provided by the SAO/NASA Astrophysics Data System}
}

@ARTICLE{2016MNRAS.456L.127D,
       author = {{Di Cintio}, Arianna and {Lelli}, Federico},
        title = "{The mass discrepancy acceleration relation in a {\ensuremath{\Lambda}}CDM context}",
      journal = {\mnras},
     keywords = {galaxies: evolution, cosmology: theory, dark matter, Astrophysics - Astrophysics of Galaxies, Astrophysics - Cosmology and Nongalactic Astrophysics},
         year = 2016,
        month = feb,
       volume = {456},
       number = {1},
        pages = {L127-L131},
          doi = {10.1093/mnrasl/slv185},
archivePrefix = {arXiv},
       eprint = {1511.06616},
 primaryClass = {astro-ph.GA},
       adsurl = {https://ui.adsabs.harvard.edu/abs/2016MNRAS.456L.127D},
      adsnote = {Provided by the SAO/NASA Astrophysics Data System}
}

@ARTICLE{2016MNRAS.455..476S,
       author = {{Santos-Santos}, Isabel M. and {Brook}, Chris B. and {Stinson}, Greg and {Di Cintio}, Arianna and {Wadsley}, James and {Dom{\'\i}nguez-Tenreiro}, Rosa and {Gottl{\"o}ber}, Stefan and {Yepes}, Gustavo},
        title = "{The distribution of mass components in simulated disc galaxies}",
      journal = {\mnras},
     keywords = {galaxies: evolution, cosmology: theory, dark matter, Astrophysics - Astrophysics of Galaxies, Astrophysics - Cosmology and Nongalactic Astrophysics},
         year = 2016,
        month = jan,
       volume = {455},
       number = {1},
        pages = {476-483},
          doi = {10.1093/mnras/stv2335},
archivePrefix = {arXiv},
       eprint = {1510.02474},
 primaryClass = {astro-ph.GA},
       adsurl = {https://ui.adsabs.harvard.edu/abs/2016MNRAS.455..476S},
      adsnote = {Provided by the SAO/NASA Astrophysics Data System}
}

@ARTICLE{2015PhRvD..92l3527C,
       author = {{Chavanis}, Pierre-Henri and {Lemou}, Mohammed and {M{\'e}hats}, Florian},
        title = "{Models of dark matter halos based on statistical mechanics: The fermionic King model}",
      journal = {\prd},
     keywords = {95.35.+d, 98.35.Gi, 98.62.Gq, Dark matter, Galactic halo, Galactic halos, Astrophysics - Cosmology and Nongalactic Astrophysics},
         year = 2015,
        month = dec,
       volume = {92},
       number = {12},
          eid = {123527},
        pages = {123527},
          doi = {10.1103/PhysRevD.92.123527},
archivePrefix = {arXiv},
       eprint = {1409.7840},
 primaryClass = {astro-ph.CO},
       adsurl = {https://ui.adsabs.harvard.edu/abs/2015PhRvD..92l3527C},
      adsnote = {Provided by the SAO/NASA Astrophysics Data System}
}

@ARTICLE{2015ARA&A..53...51S,
       author = {{Somerville}, Rachel S. and {Dav{\'e}}, Romeel},
        title = "{Physical Models of Galaxy Formation in a Cosmological Framework}",
      journal = {\araa},
     keywords = {Astrophysics - Astrophysics of Galaxies},
         year = 2015,
        month = aug,
       volume = {53},
        pages = {51-113},
          doi = {10.1146/annurev-astro-082812-140951},
archivePrefix = {arXiv},
       eprint = {1412.2712},
 primaryClass = {astro-ph.GA},
       adsurl = {https://ui.adsabs.harvard.edu/abs/2015ARA&A..53...51S},
      adsnote = {Provided by the SAO/NASA Astrophysics Data System}
}

@ARTICLE{2015MNRAS.451..622R,
       author = {{Ruffini}, R. and {Arg{\"u}elles}, C.~R. and {Rueda}, J.~A.},
        title = "{On the core-halo distribution of dark matter in galaxies}",
      journal = {\mnras},
     keywords = {methods: numerical, galaxies: haloes, galaxies: nuclei, galaxies: structure, dark matter, Astrophysics - Astrophysics of Galaxies},
         year = 2015,
        month = jul,
       volume = {451},
       number = {1},
        pages = {622-628},
          doi = {10.1093/mnras/stv1016},
archivePrefix = {arXiv},
       eprint = {1409.7365},
 primaryClass = {astro-ph.GA},
       adsurl = {https://ui.adsabs.harvard.edu/abs/2015MNRAS.451..622R},
      adsnote = {Provided by the SAO/NASA Astrophysics Data System}
}

@ARTICLE{2015ARep...59..656S,
       author = {{Siutsou}, I. and {Arg{\"u}elles}, C.~R. and {Ruffini}, R.},
        title = "{Dark matter massive fermions and Einasto profiles in galactic haloes}",
      journal = {Astronomy Reports},
     keywords = {Astrophysics - Astrophysics of Galaxies},
         year = 2015,
        month = jul,
       volume = {59},
       number = {7},
        pages = {656-666},
          doi = {10.1134/S1063772915070124},
archivePrefix = {arXiv},
       eprint = {1402.0695},
 primaryClass = {astro-ph.GA},
       adsurl = {https://ui.adsabs.harvard.edu/abs/2015ARep...59..656S},
      adsnote = {Provided by the SAO/NASA Astrophysics Data System}
}

@ARTICLE{2015PhRvD..91f3531C,
       author = {{Chavanis}, Pierre-Henri and {Lemou}, Mohammed and {M{\'e}hats}, Florian},
        title = "{Models of dark matter halos based on statistical mechanics: The classical King model}",
      journal = {\prd},
     keywords = {95.35.+d, 98.35.Gi, 98.62.Gq, Dark matter, Galactic halo, Galactic halos, Astrophysics - Cosmology and Nongalactic Astrophysics},
         year = 2015,
        month = mar,
       volume = {91},
       number = {6},
          eid = {063531},
        pages = {063531},
          doi = {10.1103/PhysRevD.91.063531},
archivePrefix = {arXiv},
       eprint = {1409.7838},
 primaryClass = {astro-ph.CO},
       adsurl = {https://ui.adsabs.harvard.edu/abs/2015PhRvD..91f3531C},
      adsnote = {Provided by the SAO/NASA Astrophysics Data System}
}

@ARTICLE{2015CaJPh..93..169K,
       author = {{Kroupa}, Pavel},
        title = "{Galaxies as simple dynamical systems: observational data disfavor dark matter and stochastic star formation}",
      journal = {Canadian Journal of Physics},
     keywords = {Astrophysics - Astrophysics of Galaxies, Astrophysics - Cosmology and Nongalactic Astrophysics},
         year = 2015,
        month = feb,
       volume = {93},
       number = {2},
        pages = {169-202},
          doi = {10.1139/cjp-2014-0179},
archivePrefix = {arXiv},
       eprint = {1406.4860},
 primaryClass = {astro-ph.GA},
       adsurl = {https://ui.adsabs.harvard.edu/abs/2015CaJPh..93..169K},
      adsnote = {Provided by the SAO/NASA Astrophysics Data System}
}

@ARTICLE{2015ApJ...800..124B,
       author = {{Bogd{\'a}n}, {\'A}kos and {Goulding}, Andy D.},
        title = "{Connecting Dark Matter Halos with the Galaxy Center and the Supermassive Black Hole}",
      journal = {\apj},
     keywords = {galaxies: elliptical and lenticular, cD, galaxies: evolution, galaxies: halos, X-rays: galaxies, X-rays: ISM, Astrophysics - Astrophysics of Galaxies},
         year = 2015,
        month = feb,
       volume = {800},
       number = {2},
          eid = {124},
        pages = {124},
          doi = {10.1088/0004-637X/800/2/124},
archivePrefix = {arXiv},
       eprint = {1502.05043},
 primaryClass = {astro-ph.GA},
       adsurl = {https://ui.adsabs.harvard.edu/abs/2015ApJ...800..124B},
      adsnote = {Provided by the SAO/NASA Astrophysics Data System}
}

@ARTICLE{2015JCAP...01..002D,
       author = {{Domcke}, Valerie and {Urbano}, Alfredo},
        title = "{Dwarf spheroidal galaxies as degenerate gas of free fermions}",
      journal = {\jcap},
     keywords = {High Energy Physics - Phenomenology, Astrophysics - Cosmology and Nongalactic Astrophysics},
         year = 2015,
        month = jan,
       volume = {2015},
       number = {1},
          eid = {002},
        pages = {002},
          doi = {10.1088/1475-7516/2015/01/002},
archivePrefix = {arXiv},
       eprint = {1409.3167},
 primaryClass = {hep-ph},
       adsurl = {https://ui.adsabs.harvard.edu/abs/2015JCAP...01..002D},
      adsnote = {Provided by the SAO/NASA Astrophysics Data System}
}

@ARTICLE{2014Galax...2..601M,
       author = {{McGaugh}, Stacy},
        title = "{The Third Law of Galactic Rotation}",
      journal = {Galaxies},
     keywords = {Astrophysics - Astrophysics of Galaxies, Astrophysics - Cosmology and Nongalactic Astrophysics, General Relativity and Quantum Cosmology, High Energy Physics - Phenomenology},
         year = 2014,
        month = dec,
       volume = {2},
       number = {4},
        pages = {601-622},
          doi = {10.3390/galaxies2040601},
archivePrefix = {arXiv},
       eprint = {1412.3767},
 primaryClass = {astro-ph.GA},
       adsurl = {https://ui.adsabs.harvard.edu/abs/2014Galax...2..601M},
      adsnote = {Provided by the SAO/NASA Astrophysics Data System}
}

@ARTICLE{2014IJMPD..2342020A,
       author = {{Arg{\"u}elles}, C.~R. and {Ruffini}, R.},
        title = "{Are the most super-massive dark compact objects harbored at the center of dark matter halos?}",
      journal = {International Journal of Modern Physics D},
     keywords = {Dark matter, galaxies, super-massive black holes{\textendash}halos, self-gravitating systems, fermions, Astrophysics - Astrophysics of Galaxies},
         year = 2014,
        month = oct,
       volume = {23},
       number = {12},
          eid = {1442020},
        pages = {1442020},
          doi = {10.1142/S0218271814420206},
archivePrefix = {arXiv},
       eprint = {1405.7505},
 primaryClass = {astro-ph.GA},
       adsurl = {https://ui.adsabs.harvard.edu/abs/2014IJMPD..2342020A},
      adsnote = {Provided by the SAO/NASA Astrophysics Data System}
}

@ARTICLE{2014JKPS...65..809A,
       author = {{Arg{\"u}elles}, Carlos R. and {Ruffini}, Remo and {Fraga}, Bernardo M.~O.},
        title = "{Critical configurations for a system of semidegenerate fermions}",
      journal = {Journal of Korean Physical Society},
     keywords = {Dark Matter, Galaxies, Super-massive black holes, Halos, Self-gravitating systems, Fermions, Astrophysics - Astrophysics of Galaxies},
         year = 2014,
        month = sep,
       volume = {65},
       number = {6},
        pages = {809-813},
          doi = {10.3938/jkps.65.809},
archivePrefix = {arXiv},
       eprint = {1402.1329},
 primaryClass = {astro-ph.GA},
       adsurl = {https://ui.adsabs.harvard.edu/abs/2014JKPS...65..809A},
      adsnote = {Provided by the SAO/NASA Astrophysics Data System}
}

@ARTICLE{2014JKPS...65..801A,
       author = {{Arg{\"u}elles}, Carlos R. and {Ruffini}, Remo and {Siutsou}, Ivan and {Fraga}, Bernardo},
        title = "{On the distribution of dark matter in galaxies: Quantum treatments}",
      journal = {Journal of Korean Physical Society},
     keywords = {Dark matter, Self-gravitating systems, Fermions, Galaxies, Density profiles, Rotation curves, Astrophysics - Astrophysics of Galaxies},
         year = 2014,
        month = sep,
       volume = {65},
       number = {6},
        pages = {801-804},
          doi = {10.3938/jkps.65.801},
archivePrefix = {arXiv},
       eprint = {1402.0700},
 primaryClass = {astro-ph.GA},
       adsurl = {https://ui.adsabs.harvard.edu/abs/2014JKPS...65..801A},
      adsnote = {Provided by the SAO/NASA Astrophysics Data System}
}

@ARTICLE{2014MNRAS.442.2717D,
       author = {{de Vega}, H.~J. and {Salucci}, P. and {Sanchez}, N.~G.},
        title = "{Observational rotation curves and density profiles versus the Thomas-Fermi galaxy structure theory}",
      journal = {\mnras},
     keywords = {Galaxy structure, dark matter, Astrophysics - Cosmology and Nongalactic Astrophysics, General Relativity and Quantum Cosmology, High Energy Physics - Phenomenology},
         year = 2014,
        month = aug,
       volume = {442},
       number = {3},
        pages = {2717-2727},
          doi = {10.1093/mnras/stu972},
archivePrefix = {arXiv},
       eprint = {1309.2290},
 primaryClass = {astro-ph.CO},
       adsurl = {https://ui.adsabs.harvard.edu/abs/2014MNRAS.442.2717D},
      adsnote = {Provided by the SAO/NASA Astrophysics Data System}
}

@ARTICLE{2014MNRAS.441.2986D,
       author = {{Di Cintio}, Arianna and {Brook}, Chris B. and {Dutton}, Aaron A. and {Macci{\`o}}, Andrea V. and {Stinson}, Greg S. and {Knebe}, Alexander},
        title = "{A mass-dependent density profile for dark matter haloes including the influence of galaxy formation}",
      journal = {\mnras},
     keywords = {hydrodynamics, galaxies: evolution, dark matter, Astrophysics - Cosmology and Nongalactic Astrophysics, Astrophysics - Astrophysics of Galaxies},
         year = 2014,
        month = jul,
       volume = {441},
       number = {4},
        pages = {2986-2995},
          doi = {10.1093/mnras/stu729},
archivePrefix = {arXiv},
       eprint = {1404.5959},
 primaryClass = {astro-ph.CO},
       adsurl = {https://ui.adsabs.harvard.edu/abs/2014MNRAS.441.2986D},
      adsnote = {Provided by the SAO/NASA Astrophysics Data System}
}

@ARTICLE{2014MNRAS.439..300L,
       author = {{Lovell}, Mark R. and {Frenk}, Carlos S. and {Eke}, Vincent R. and {Jenkins}, Adrian and {Gao}, Liang and {Theuns}, Tom},
        title = "{The properties of warm dark matter haloes}",
      journal = {\mnras},
     keywords = {galaxies: dwarf, dark matter, Astrophysics - Cosmology and Nongalactic Astrophysics, Astrophysics - Astrophysics of Galaxies},
         year = 2014,
        month = mar,
       volume = {439},
       number = {1},
        pages = {300-317},
          doi = {10.1093/mnras/stt2431},
archivePrefix = {arXiv},
       eprint = {1308.1399},
 primaryClass = {astro-ph.CO},
       adsurl = {https://ui.adsabs.harvard.edu/abs/2014MNRAS.439..300L},
      adsnote = {Provided by the SAO/NASA Astrophysics Data System}
}

@ARTICLE{2013PASJ...65..118S,
       author = {{Sofue}, Yoshiaki},
        title = "{Rotation Curve and Mass Distribution in the Galactic Center - From Black Hole to Entire Galaxy}",
      journal = {\pasj},
     keywords = {galaxies: individual: Milky Way, galaxies: kinematics and dynamics, galaxies: structure, ISM: kinematics and dynamics, radio lines: ISM, Astrophysics - Astrophysics of Galaxies},
         year = 2013,
        month = dec,
       volume = {65},
          eid = {118},
        pages = {118},
          doi = {10.1093/pasj/65.6.118},
archivePrefix = {arXiv},
       eprint = {1307.8241},
 primaryClass = {astro-ph.GA},
       adsurl = {https://ui.adsabs.harvard.edu/abs/2013PASJ...65..118S},
      adsnote = {Provided by the SAO/NASA Astrophysics Data System}
}

@ARTICLE{2013PhRvD..88d3502V,
       author = {{Viel}, Matteo and {Becker}, George D. and {Bolton}, James S. and {Haehnelt}, Martin G.},
        title = "{Warm dark matter as a solution to the small scale crisis: New constraints from high redshift Lyman-{\ensuremath{\alpha}} forest data}",
      journal = {\prd},
     keywords = {98.80.Cq, 95.35.+d, 98.62.Ra, Particle-theory and field-theory models of the early Universe, Dark matter, Intergalactic matter, quasar absorption and emission-line systems, Lyman forest, Astrophysics - Cosmology and Nongalactic Astrophysics},
         year = 2013,
        month = aug,
       volume = {88},
       number = {4},
          eid = {043502},
        pages = {043502},
          doi = {10.1103/PhysRevD.88.043502},
archivePrefix = {arXiv},
       eprint = {1306.2314},
 primaryClass = {astro-ph.CO},
       adsurl = {https://ui.adsabs.harvard.edu/abs/2013PhRvD..88d3502V},
      adsnote = {Provided by the SAO/NASA Astrophysics Data System}
}

@INPROCEEDINGS{2013IJMPS..23..357F,
       author = {{Fraga}, Bernardo M.~O. and {Arg{\"u}elles}, Carlos R. and {Ruffini}, Remo},
        title = "{Self-Gravitating System of Semidegenerated Fermions as Central Objects and Dark Matter Halos in Galaxies}",
     keywords = {Dark matter, semi-degenerate fermions, galactic haloes, galactic center, Astrophysics - Cosmology and Extragalactic Astrophysics},
    booktitle = {International Journal of Modern Physics Conference Series},
         year = 2013,
       series = {International Journal of Modern Physics Conference Series},
       volume = {23},
        month = jan,
        pages = {357-362},
          doi = {10.1142/S2010194513011616},
archivePrefix = {arXiv},
       eprint = {1401.7132},
 primaryClass = {astro-ph.CO},
       adsurl = {https://ui.adsabs.harvard.edu/abs/2013IJMPS..23..357F},
      adsnote = {Provided by the SAO/NASA Astrophysics Data System}
}

@ARTICLE{2012MNRAS.424.1105M,
       author = {{Macci{\`o}}, Andrea V. and {Paduroiu}, Sinziana and {Anderhalden}, Donnino and {Schneider}, Aurel and {Moore}, Ben},
        title = "{Cores in warm dark matter haloes: a Catch 22 problem}",
      journal = {\mnras},
     keywords = {galaxies: haloes, dark matter, Astrophysics - Cosmology and Nongalactic Astrophysics},
         year = 2012,
        month = aug,
       volume = {424},
       number = {2},
        pages = {1105-1112},
          doi = {10.1111/j.1365-2966.2012.21284.x},
archivePrefix = {arXiv},
       eprint = {1202.1282},
 primaryClass = {astro-ph.CO},
       adsurl = {https://ui.adsabs.harvard.edu/abs/2012MNRAS.424.1105M},
      adsnote = {Provided by the SAO/NASA Astrophysics Data System}
}

@ARTICLE{2012MNRAS.420.2318L,
       author = {{Lovell}, Mark R. and {Eke}, Vincent and {Frenk}, Carlos S. and {Gao}, Liang and {Jenkins}, Adrian and {Theuns}, Tom and {Wang}, Jie and {White}, Simon D.~M. and {Boyarsky}, Alexey and {Ruchayskiy}, Oleg},
        title = "{The haloes of bright satellite galaxies in a warm dark matter universe}",
      journal = {\mnras},
     keywords = {galaxies: dwarf, dark matter, Astrophysics - Cosmology and Nongalactic Astrophysics},
         year = 2012,
        month = mar,
       volume = {420},
       number = {3},
        pages = {2318-2324},
          doi = {10.1111/j.1365-2966.2011.20200.x},
archivePrefix = {arXiv},
       eprint = {1104.2929},
 primaryClass = {astro-ph.CO},
       adsurl = {https://ui.adsabs.harvard.edu/abs/2012MNRAS.420.2318L},
      adsnote = {Provided by the SAO/NASA Astrophysics Data System}
}

@ARTICLE{2012PhR...513....1C,
       author = {{Clifton}, Timothy and {Ferreira}, Pedro G. and {Padilla}, Antonio and {Skordis}, Constantinos},
        title = "{Modified gravity and cosmology}",
      journal = {\physrep},
     keywords = {Astrophysics - Cosmology and Nongalactic Astrophysics, General Relativity and Quantum Cosmology, High Energy Physics - Theory},
         year = 2012,
        month = mar,
       volume = {513},
       number = {1},
        pages = {1-189},
          doi = {10.1016/j.physrep.2012.01.001},
archivePrefix = {arXiv},
       eprint = {1106.2476},
 primaryClass = {astro-ph.CO},
       adsurl = {https://ui.adsabs.harvard.edu/abs/2012PhR...513....1C},
      adsnote = {Provided by the SAO/NASA Astrophysics Data System}
}

@ARTICLE{2011MNRAS.413..813C,
       author = {{Cappellari}, Michele and {Emsellem}, Eric and {Krajnovi{\'c}}, Davor and {McDermid}, Richard M. and {Scott}, Nicholas and {Verdoes Kleijn}, G.~A. and {Young}, Lisa M. and {Alatalo}, Katherine and {Bacon}, R. and {Blitz}, Leo and {Bois}, Maxime and {Bournaud}, Fr{\'e}d{\'e}ric and {Bureau}, M. and {Davies}, Roger L. and {Davis}, Timothy A. and {de Zeeuw}, P.~T. and {Duc}, Pierre-Alain and {Khochfar}, Sadegh and {Kuntschner}, Harald and {Lablanche}, Pierre-Yves and {Morganti}, Raffaella and {Naab}, Thorsten and {Oosterloo}, Tom and {Sarzi}, Marc and {Serra}, Paolo and {Weijmans}, Anne-Marie},
        title = "{The ATLAS$^{3D}$ project - I. A volume-limited sample of 260 nearby early-type galaxies: science goals and selection criteria}",
      journal = {\mnras},
     keywords = {galaxies: distances and redshifts, galaxies: elliptical and lenticular, cD, galaxies: evolution, galaxies: formation, galaxies: kinematics and dynamics, galaxies: structure, Astrophysics - Cosmology and Nongalactic Astrophysics},
         year = 2011,
        month = may,
       volume = {413},
       number = {2},
        pages = {813-836},
          doi = {10.1111/j.1365-2966.2010.18174.x},
archivePrefix = {arXiv},
       eprint = {1012.1551},
 primaryClass = {astro-ph.CO},
       adsurl = {https://ui.adsabs.harvard.edu/abs/2011MNRAS.413..813C},
      adsnote = {Provided by the SAO/NASA Astrophysics Data System}
}

@ARTICLE{2011Natur.469..377K,
       author = {{Kormendy}, John and {Bender}, Ralf},
        title = "{Supermassive black holes do not correlate with dark matter haloes of galaxies}",
      journal = {\nat},
     keywords = {Astrophysics - Astrophysics of Galaxies, Astrophysics - Cosmology and Nongalactic Astrophysics},
         year = 2011,
        month = jan,
       volume = {469},
       number = {7330},
        pages = {377-380},
          doi = {10.1038/nature09695},
archivePrefix = {arXiv},
       eprint = {1101.4650},
 primaryClass = {astro-ph.GA},
       adsurl = {https://ui.adsabs.harvard.edu/abs/2011Natur.469..377K},
      adsnote = {Provided by the SAO/NASA Astrophysics Data System}
}

@ARTICLE{2010AdAst2010E...5D,
       author = {{de Blok}, W.~J.~G.},
        title = "{The Core-Cusp Problem}",
      journal = {Advances in Astronomy},
     keywords = {Astrophysics - Cosmology and Nongalactic Astrophysics},
         year = 2010,
        month = jan,
       volume = {2010},
          eid = {789293},
        pages = {789293},
          doi = {10.1155/2010/789293},
archivePrefix = {arXiv},
       eprint = {0910.3538},
 primaryClass = {astro-ph.CO},
       adsurl = {https://ui.adsabs.harvard.edu/abs/2010AdAst2010E...5D},
      adsnote = {Provided by the SAO/NASA Astrophysics Data System}
}

@ARTICLE{2009ApJ...707L.114G,
       author = {{Gillessen}, S. and {Eisenhauer}, F. and {Fritz}, T.~K. and {Bartko}, H. and {Dodds-Eden}, K. and {Pfuhl}, O. and {Ott}, T. and {Genzel}, R.},
        title = "{The Orbit of the Star S2 Around SGR A* from Very Large Telescope and Keck Data}",
      journal = {\apjl},
     keywords = {astrometry, black hole physics, Galaxy: center, infrared: stars, Astrophysics - Astrophysics of Galaxies},
         year = 2009,
        month = dec,
       volume = {707},
       number = {2},
        pages = {L114-L117},
          doi = {10.1088/0004-637X/707/2/L114},
archivePrefix = {arXiv},
       eprint = {0910.3069},
 primaryClass = {astro-ph.GA},
       adsurl = {https://ui.adsabs.harvard.edu/abs/2009ApJ...707L.114G},
      adsnote = {Provided by the SAO/NASA Astrophysics Data System}
}

@ARTICLE{2009ARNPS..59..191B,
       author = {{Boyarsky}, Alexey and {Ruchayskiy}, Oleg and {Shaposhnikov}, Mikhail},
        title = "{The Role of Sterile Neutrinos in Cosmology and Astrophysics}",
      journal = {Annual Review of Nuclear and Particle Science},
     keywords = {High Energy Physics - Phenomenology, Astrophysics - Cosmology and Extragalactic Astrophysics},
         year = 2009,
        month = nov,
       volume = {59},
       number = {1},
        pages = {191-214},
          doi = {10.1146/annurev.nucl.010909.083654},
archivePrefix = {arXiv},
       eprint = {0901.0011},
 primaryClass = {hep-ph},
       adsurl = {https://ui.adsabs.harvard.edu/abs/2009ARNPS..59..191B},
      adsnote = {Provided by the SAO/NASA Astrophysics Data System}
}

@ARTICLE{2009MNRAS.397.1169D,
       author = {{Donato}, F. and {Gentile}, G. and {Salucci}, P. and {Frigerio Martins}, C. and {Wilkinson}, M.~I. and {Gilmore}, G. and {Grebel}, E.~K. and {Koch}, A. and {Wyse}, R.},
        title = "{A constant dark matter halo surface density in galaxies}",
      journal = {\mnras},
     keywords = {galaxies: kinematics and dynamics, galaxies: spiral, dark matter, Astrophysics - Cosmology and Nongalactic Astrophysics},
         year = 2009,
        month = aug,
       volume = {397},
       number = {3},
        pages = {1169-1176},
          doi = {10.1111/j.1365-2966.2009.15004.x},
archivePrefix = {arXiv},
       eprint = {0904.4054},
 primaryClass = {astro-ph.CO},
       adsurl = {https://ui.adsabs.harvard.edu/abs/2009MNRAS.397.1169D},
      adsnote = {Provided by the SAO/NASA Astrophysics Data System}
}

@ARTICLE{2009ApJ...698..198G,
       author = {{G{\"u}ltekin}, Kayhan and {Richstone}, Douglas O. and {Gebhardt}, Karl and {Lauer}, Tod R. and {Tremaine}, Scott and {Aller}, M.~C. and {Bender}, Ralf and {Dressler}, Alan and {Faber}, S.~M. and {Filippenko}, Alexei V. and {Green}, Richard and {Ho}, Luis C. and {Kormendy}, John and {Magorrian}, John and {Pinkney}, Jason and {Siopis}, Christos},
        title = "{The M-{\ensuremath{\sigma}} and M-L Relations in Galactic Bulges, and Determinations of Their Intrinsic Scatter}",
      journal = {\apj},
     keywords = {black hole physics, galaxies: general, galaxies: nuclei, galaxies: statistics, stellar dynamics, Astrophysics - Galaxy Astrophysics, Astrophysics - Cosmology and Extragalactic Astrophysics},
         year = 2009,
        month = jun,
       volume = {698},
       number = {1},
        pages = {198-221},
          doi = {10.1088/0004-637X/698/1/198},
archivePrefix = {arXiv},
       eprint = {0903.4897},
 primaryClass = {astro-ph.GA},
       adsurl = {https://ui.adsabs.harvard.edu/abs/2009ApJ...698..198G},
      adsnote = {Provided by the SAO/NASA Astrophysics Data System}
}

@ARTICLE{2009PASJ...61..227S,
       author = {{Sofue}, Yoshiaki and {Honma}, Mareki and {Omodaka}, Toshihiro},
        title = "{Unified Rotation Curve of the Galaxy -- Decomposition into de Vaucouleurs Bulge, Disk, Dark Halo, and the 9-kpc Rotation Dip --}",
      journal = {\pasj},
     keywords = {Galaxy: bulge, Galaxy: disk, Galaxy: rotation curve, Galaxy: structure, Astrophysics},
         year = 2009,
        month = feb,
       volume = {61},
        pages = {227},
          doi = {10.1093/pasj/61.2.227},
archivePrefix = {arXiv},
       eprint = {0811.0859},
 primaryClass = {astro-ph},
       adsurl = {https://ui.adsabs.harvard.edu/abs/2009PASJ...61..227S},
      adsnote = {Provided by the SAO/NASA Astrophysics Data System}
}

@ARTICLE{2008AJ....136.2648D,
       author = {{de Blok}, W.~J.~G. and {Walter}, F. and {Brinks}, E. and {Trachternach}, C. and {Oh}, S. -H. and {Kennicutt}, R.~C., Jr.},
        title = "{High-Resolution Rotation Curves and Galaxy Mass Models from THINGS}",
      journal = {\aj},
     keywords = {dark matter, galaxies: dwarf, galaxies: fundamental parameters, galaxies: kinematics and dynamics, galaxies: spiral, galaxies: structure, Astrophysics},
         year = 2008,
        month = dec,
       volume = {136},
       number = {6},
        pages = {2648-2719},
          doi = {10.1088/0004-6256/136/6/2648},
archivePrefix = {arXiv},
       eprint = {0810.2100},
 primaryClass = {astro-ph},
       adsurl = {https://ui.adsabs.harvard.edu/abs/2008AJ....136.2648D},
      adsnote = {Provided by the SAO/NASA Astrophysics Data System}
}

@ARTICLE{2008Natur.454.1096S,
       author = {{Strigari}, Louis E. and {Bullock}, James S. and {Kaplinghat}, Manoj and {Simon}, Joshua D. and {Geha}, Marla and {Willman}, Beth and {Walker}, Matthew G.},
        title = "{A common mass scale for satellite galaxies of the Milky Way}",
      journal = {\nat},
     keywords = {Astrophysics},
         year = 2008,
        month = aug,
       volume = {454},
       number = {7208},
        pages = {1096-1097},
          doi = {10.1038/nature07222},
archivePrefix = {arXiv},
       eprint = {0808.3772},
 primaryClass = {astro-ph},
       adsurl = {https://ui.adsabs.harvard.edu/abs/2008Natur.454.1096S},
      adsnote = {Provided by the SAO/NASA Astrophysics Data System}
}

@ARTICLE{2007ApJ...654..290S,
       author = {{Stasielak}, Jaroslaw and {Biermann}, Peter L. and {Kusenko}, Alexander},
        title = "{Thermal Evolution of the Primordial Clouds in Warm Dark Matter Models with keV Sterile Neutrinos}",
      journal = {\apj},
     keywords = {Cosmology: Dark Matter, Neutrinos, Stars: Formation, Astrophysics, High Energy Physics - Phenomenology},
         year = 2007,
        month = jan,
       volume = {654},
       number = {1},
        pages = {290-303},
          doi = {10.1086/509066},
archivePrefix = {arXiv},
       eprint = {astro-ph/0606435},
 primaryClass = {astro-ph},
       adsurl = {https://ui.adsabs.harvard.edu/abs/2007ApJ...654..290S},
      adsnote = {Provided by the SAO/NASA Astrophysics Data System}
}

@ARTICLE{2006AJ....132.2685M,
       author = {{Merritt}, David and {Graham}, Alister W. and {Moore}, Ben and {Diemand}, J{\"u}rg and {Terzi{\'c}}, Bal{\v{s}}a},
        title = "{Empirical Models for Dark Matter Halos. I. Nonparametric Construction of Density Profiles and Comparison with Parametric Models}",
      journal = {\aj},
     keywords = {Cosmology: Dark Matter, Galaxies: Halos, Methods: N-Body Simulations, Astrophysics},
         year = 2006,
        month = dec,
       volume = {132},
       number = {6},
        pages = {2685-2700},
          doi = {10.1086/508988},
archivePrefix = {arXiv},
       eprint = {astro-ph/0509417},
 primaryClass = {astro-ph},
       adsurl = {https://ui.adsabs.harvard.edu/abs/2006AJ....132.2685M},
      adsnote = {Provided by the SAO/NASA Astrophysics Data System}
}

@ARTICLE{2006ApJ...646..899H,
       author = {{Humphrey}, Philip J. and {Buote}, David A. and {Gastaldello}, Fabio and {Zappacosta}, Luca and {Bullock}, James S. and {Brighenti}, Fabrizio and {Mathews}, William G.},
        title = "{A Chandra View of Dark Matter in Early-Type Galaxies}",
      journal = {\apj},
     keywords = {Cosmology: Dark Matter, Galaxies: Elliptical and Lenticular, cD, Galaxies: Halos, Galaxies: ISM, X-Rays: Galaxies, Astrophysics},
         year = 2006,
        month = aug,
       volume = {646},
       number = {2},
        pages = {899-918},
          doi = {10.1086/505019},
archivePrefix = {arXiv},
       eprint = {astro-ph/0601301},
 primaryClass = {astro-ph},
       adsurl = {https://ui.adsabs.harvard.edu/abs/2006ApJ...646..899H},
      adsnote = {Provided by the SAO/NASA Astrophysics Data System}
}

@ARTICLE{2005PhLB..631..151A,
       author = {{Asaka}, Takehiko and {Blanchet}, Steve and {Shaposhnikov}, Mikhail},
        title = "{The {\ensuremath{\nu}}MSM, dark matter and neutrino masses [rapid communication]}",
      journal = {Physics Letters B},
     keywords = {14.60.Pq, 98.80.Cq, 95.35.+d, Neutrino mass and mixing, Particle-theory and field-theory models of the early Universe, Dark matter, Astrophysics, High Energy Physics - Phenomenology},
         year = 2005,
        month = dec,
       volume = {631},
       number = {4},
        pages = {151-156},
          doi = {10.1016/j.physletb.2005.09.070},
archivePrefix = {arXiv},
       eprint = {hep-ph/0503065},
 primaryClass = {astro-ph},
       adsurl = {https://ui.adsabs.harvard.edu/abs/2005PhLB..631..151A},
      adsnote = {Provided by the SAO/NASA Astrophysics Data System}
}

@ARTICLE{2005ApJ...620..744G,
       author = {{Ghez}, A.~M. and {Salim}, S. and {Hornstein}, S.~D. and {Tanner}, A. and {Lu}, J.~R. and {Morris}, M. and {Becklin}, E.~E. and {Duch{\^e}ne}, G.},
        title = "{Stellar Orbits around the Galactic Center Black Hole}",
      journal = {\apj},
     keywords = {Black Hole Physics, Galaxy: Center, Galaxy: Kinematics and Dynamics, Infrared: Stars, Techniques: High Anular Resolution, Astrophysics},
         year = 2005,
        month = feb,
       volume = {620},
       number = {2},
        pages = {744-757},
          doi = {10.1086/427175},
archivePrefix = {arXiv},
       eprint = {astro-ph/0306130},
 primaryClass = {astro-ph},
       adsurl = {https://ui.adsabs.harvard.edu/abs/2005ApJ...620..744G},
      adsnote = {Provided by the SAO/NASA Astrophysics Data System}
}

@ARTICLE{2004ApJ...609..652M,
       author = {{McGaugh}, Stacy S.},
        title = "{The Mass Discrepancy-Acceleration Relation: Disk Mass and the Dark Matter Distribution}",
      journal = {\apj},
     keywords = {Cosmology: Dark Matter, Galaxies: Kinematics and Dynamics, Galaxies: Spiral, Astrophysics, High Energy Physics - Phenomenology},
         year = 2004,
        month = jul,
       volume = {609},
       number = {2},
        pages = {652-666},
          doi = {10.1086/421338},
archivePrefix = {arXiv},
       eprint = {astro-ph/0403610},
 primaryClass = {astro-ph},
       adsurl = {https://ui.adsabs.harvard.edu/abs/2004ApJ...609..652M},
      adsnote = {Provided by the SAO/NASA Astrophysics Data System}
}

@ARTICLE{2004MNRAS.349.1039N,
       author = {{Navarro}, J.~F. and {Hayashi}, E. and {Power}, C. and {Jenkins}, A.~R. and {Frenk}, C.~S. and {White}, S.~D.~M. and {Springel}, V. and {Stadel}, J. and {Quinn}, T.~R.},
        title = "{The inner structure of {\ensuremath{\Lambda}}CDM haloes - III. Universality and asymptotic slopes}",
      journal = {\mnras},
     keywords = {gravitation, cosmology: theory, dark matter, Astrophysics},
         year = 2004,
        month = apr,
       volume = {349},
       number = {3},
        pages = {1039-1051},
          doi = {10.1111/j.1365-2966.2004.07586.x},
archivePrefix = {arXiv},
       eprint = {astro-ph/0311231},
 primaryClass = {astro-ph},
       adsurl = {https://ui.adsabs.harvard.edu/abs/2004MNRAS.349.1039N},
      adsnote = {Provided by the SAO/NASA Astrophysics Data System}
}

@ARTICLE{2004PhyA..332...89C,
       author = {{Chavanis}, Pierre-Henri},
        title = "{Generalized thermodynamics and kinetic equations: Boltzmann, Landau, Kramers and Smoluchowski}",
      journal = {Physica A Statistical Mechanics and its Applications},
     keywords = {Kinetic theory, Generalized thermodynamics, Tsallis entropy, Long-range interactions, Violent relaxation, Condensed Matter - Statistical Mechanics},
         year = 2004,
        month = feb,
       volume = {332},
        pages = {89-122},
          doi = {10.1016/j.physa.2003.09.061},
archivePrefix = {arXiv},
       eprint = {cond-mat/0304073},
 primaryClass = {cond-mat.stat-mech},
       adsurl = {https://ui.adsabs.harvard.edu/abs/2004PhyA..332...89C},
      adsnote = {Provided by the SAO/NASA Astrophysics Data System}
}

@ARTICLE{2004astro.ph..1547T,
       author = {{Trodden}, Mark and {Carroll}, Sean M.},
        title = "{TASI Lectures: Introduction to Cosmology}",
      journal = {arXiv e-prints},
     keywords = {Astrophysics, General Relativity and Quantum Cosmology, High Energy Physics - Phenomenology, High Energy Physics - Theory},
         year = 2004,
        month = jan,
          eid = {astro-ph/0401547},
        pages = {astro-ph/0401547},
archivePrefix = {arXiv},
       eprint = {astro-ph/0401547},
 primaryClass = {astro-ph},
       adsurl = {https://ui.adsabs.harvard.edu/abs/2004astro.ph..1547T},
      adsnote = {Provided by the SAO/NASA Astrophysics Data System}
}

@ARTICLE{2002ApJ...578...90F,
       author = {{Ferrarese}, Laura},
        title = "{Beyond the Bulge: A Fundamental Relation between Supermassive Black Holes and Dark Matter Halos}",
      journal = {\apj},
     keywords = {Black Hole Physics, Cosmology: Dark Matter, Galaxies: Halos, Galaxies: Nuclei, Astrophysics},
         year = 2002,
        month = oct,
       volume = {578},
       number = {1},
        pages = {90-97},
          doi = {10.1086/342308},
archivePrefix = {arXiv},
       eprint = {astro-ph/0203469},
 primaryClass = {astro-ph},
       adsurl = {https://ui.adsabs.harvard.edu/abs/2002ApJ...578...90F},
      adsnote = {Provided by the SAO/NASA Astrophysics Data System}
}

@ARTICLE{2001A&A...376..853D,
       author = {{De Paolis}, F. and {Ingrosso}, G. and {Nucita}, A.~A. and {Orlando}, D. and {Capozziello}, S. and {Iovane}, G.},
        title = "{Astrophysical constraints on a possible neutrino ball at the Galactic Center}",
      journal = {\aap},
     keywords = {ELEMENTARY PARTICLES, GRAVITATION, GALAXY CENTER, Astrophysics},
         year = 2001,
        month = sep,
       volume = {376},
        pages = {853-860},
          doi = {10.1051/0004-6361:20010929},
archivePrefix = {arXiv},
       eprint = {astro-ph/0107497},
 primaryClass = {astro-ph},
       adsurl = {https://ui.adsabs.harvard.edu/abs/2001A&A...376..853D},
      adsnote = {Provided by the SAO/NASA Astrophysics Data System}
}

@ARTICLE{2000PhRvD..62f3511H,
       author = {{Hogan}, Craig J. and {Dalcanton}, Julianne J.},
        title = "{New dark matter physics: Clues from halo structure}",
      journal = {\prd},
     keywords = {95.35.+d, Dark matter, Astrophysics},
         year = 2000,
        month = sep,
       volume = {62},
       number = {6},
          eid = {063511},
        pages = {063511},
          doi = {10.1103/PhysRevD.62.063511},
archivePrefix = {arXiv},
       eprint = {astro-ph/0002330},
 primaryClass = {astro-ph},
       adsurl = {https://ui.adsabs.harvard.edu/abs/2000PhRvD..62f3511H},
      adsnote = {Provided by the SAO/NASA Astrophysics Data System}
}

@ARTICLE{2000ApJ...539L...9F,
       author = {{Ferrarese}, Laura and {Merritt}, David},
        title = "{A Fundamental Relation between Supermassive Black Holes and Their Host Galaxies}",
      journal = {\apjl},
     keywords = {Black Hole Physics, Galaxies: Evolution, Galaxies: Kinematics and Dynamics, Astrophysics},
         year = 2000,
        month = aug,
       volume = {539},
       number = {1},
        pages = {L9-L12},
          doi = {10.1086/312838},
archivePrefix = {arXiv},
       eprint = {astro-ph/0006053},
 primaryClass = {astro-ph},
       adsurl = {https://ui.adsabs.harvard.edu/abs/2000ApJ...539L...9F},
      adsnote = {Provided by the SAO/NASA Astrophysics Data System}
}

@ARTICLE{2000ApJ...537L...9S,
       author = {{Salucci}, P. and {Burkert}, A.},
        title = "{Dark Matter Scaling Relations}",
      journal = {\apjl},
     keywords = {Cosmology: Dark Matter, Galaxies: Kinematics and Dynamics, Galaxies: Spiral, Astrophysics},
         year = 2000,
        month = jul,
       volume = {537},
       number = {1},
        pages = {L9-L12},
          doi = {10.1086/312747},
archivePrefix = {arXiv},
       eprint = {astro-ph/0004397},
 primaryClass = {astro-ph},
       adsurl = {https://ui.adsabs.harvard.edu/abs/2000ApJ...537L...9S},
      adsnote = {Provided by the SAO/NASA Astrophysics Data System}
}

@ARTICLE{2000ApJ...533L..99M,
       author = {{McGaugh}, S.~S. and {Schombert}, J.~M. and {Bothun}, G.~D. and {de Blok}, W.~J.~G.},
        title = "{The Baryonic Tully-Fisher Relation}",
      journal = {\apjl},
     keywords = {COSMOLOGY: DARK MATTER, GALAXIES: DWARF, GALAXIES: FORMATION, GALAXIES: FUNDAMENTAL PARAMETERS, GALAXIES: KINEMATICS AND DYNAMICS, GALAXIES: SPIRAL, Astrophysics},
         year = 2000,
        month = apr,
       volume = {533},
       number = {2},
        pages = {L99-L102},
          doi = {10.1086/312628},
archivePrefix = {arXiv},
       eprint = {astro-ph/0003001},
 primaryClass = {astro-ph},
       adsurl = {https://ui.adsabs.harvard.edu/abs/2000ApJ...533L..99M},
      adsnote = {Provided by the SAO/NASA Astrophysics Data System}
}

@ARTICLE{1999PhRvL..82.2832S,
       author = {{Shi}, Xiangdong and {Fuller}, George M.},
        title = "{New Dark Matter Candidate: Nonthermal Sterile Neutrinos}",
      journal = {\prl},
     keywords = {Astrophysics, High Energy Physics - Phenomenology},
         year = 1999,
        month = apr,
       volume = {82},
       number = {14},
        pages = {2832-2835},
          doi = {10.1103/PhysRevLett.82.2832},
archivePrefix = {arXiv},
       eprint = {astro-ph/9810076},
 primaryClass = {astro-ph},
       adsurl = {https://ui.adsabs.harvard.edu/abs/1999PhRvL..82.2832S},
      adsnote = {Provided by the SAO/NASA Astrophysics Data System}
}

@ARTICLE{1998ApJ...509L.105M,
       author = {{Munyaneza}, F. and {Tsiklauri}, D. and {Viollier}, R.~D.},
        title = "{Sagittarius A*: A Supermassive Black Hole or a Spatially Extended Object?}",
      journal = {\apjl},
     keywords = {BLACK HOLE PHYSICS, CELESTIAL MECHANICS, STELLAR DYNAMICS, COSMOLOGY: DARK MATTER, ELEMENTARY PARTICLES, GALAXY: CENTER, Black Hole Physics, Celestial Mechanics, Stellar Dynamics, Cosmology: Dark Matter, Elementary Particles, Galaxy: Center, Astrophysics},
         year = 1998,
        month = dec,
       volume = {509},
       number = {2},
        pages = {L105-L108},
          doi = {10.1086/311770},
archivePrefix = {arXiv},
       eprint = {astro-ph/9808219},
 primaryClass = {astro-ph},
       adsurl = {https://ui.adsabs.harvard.edu/abs/1998ApJ...509L.105M},
      adsnote = {Provided by the SAO/NASA Astrophysics Data System}
}

@ARTICLE{1998MNRAS.300..981C,
       author = {{Chavanis}, Pierre-Henri},
        title = "{On the `coarse-grained' evolution of collisionless stellar systems}",
      journal = {\mnras},
     keywords = {DIFFUSION, METHODS: ANALYTICAL, METHODS: MISCELLANEOUS, STARS: EVOLUTION, STARS: KINEMATICS},
         year = 1998,
        month = nov,
       volume = {300},
       number = {4},
        pages = {981-991},
          doi = {10.1046/j.1365-8711.1998.01867.x},
       adsurl = {https://ui.adsabs.harvard.edu/abs/1998MNRAS.300..981C},
      adsnote = {Provided by the SAO/NASA Astrophysics Data System}
}

@ARTICLE{1998ApJ...500..591T,
       author = {{Tsiklauri}, David and {Viollier}, Raoul D.},
        title = "{Dark Matter Concentration in the Galactic Center}",
      journal = {\apj},
     keywords = {GALAXY: CENTER, BLACK HOLE PHYSICS, COSMOLOGY: DARK MATTER, ELEMENTARY PARTICLES, Black Hole Physics, Cosmology: Dark Matter, Elementary Particles, Galaxy: Center, Astrophysics},
         year = 1998,
        month = jun,
       volume = {500},
       number = {2},
        pages = {591-595},
          doi = {10.1086/305753},
archivePrefix = {arXiv},
       eprint = {astro-ph/9805273},
 primaryClass = {astro-ph},
       adsurl = {https://ui.adsabs.harvard.edu/abs/1998ApJ...500..591T},
      adsnote = {Provided by the SAO/NASA Astrophysics Data System}
}

@ARTICLE{1997ApJ...490..493N,
       author = {{Navarro}, Julio F. and {Frenk}, Carlos S. and {White}, Simon D.~M.},
        title = "{A Universal Density Profile from Hierarchical Clustering}",
      journal = {\apj},
     keywords = {Cosmology: Theory, Cosmology: Dark Matter, Galaxies: Halos, Methods: Numerical, Astrophysics},
         year = 1997,
        month = dec,
       volume = {490},
       number = {2},
        pages = {493-508},
          doi = {10.1086/304888},
archivePrefix = {arXiv},
       eprint = {astro-ph/9611107},
 primaryClass = {astro-ph},
       adsurl = {https://ui.adsabs.harvard.edu/abs/1997ApJ...490..493N},
      adsnote = {Provided by the SAO/NASA Astrophysics Data System}
}

@ARTICLE{1996MNRAS.281.1027F,
       author = {{Flynn}, Chris and {Sommer-Larsen}, J. and {Christensen}, P.~R.},
        title = "{Kinematics of the outer stellar halo}",
      journal = {\mnras},
     keywords = {GALAXY: HALO, GALAXY: KINEMATICS AND DYNAMICS, Astrophysics},
         year = 1996,
        month = aug,
       volume = {281},
       number = {3},
        pages = {1027-1032},
          doi = {10.1093/mnras/281.3.1027},
archivePrefix = {arXiv},
       eprint = {astro-ph/9603106},
 primaryClass = {astro-ph},
       adsurl = {https://ui.adsabs.harvard.edu/abs/1996MNRAS.281.1027F},
      adsnote = {Provided by the SAO/NASA Astrophysics Data System}
}

@ARTICLE{1996ApJ...462..563N,
       author = {{Navarro}, Julio F. and {Frenk}, Carlos S. and {White}, Simon D.~M.},
        title = "{The Structure of Cold Dark Matter Halos}",
      journal = {\apj},
     keywords = {COSMOLOGY: THEORY, COSMOLOGY: DARK MATTER, GALAXIES: HALOS, METHODS: NUMERICAL, Astrophysics},
         year = 1996,
        month = may,
       volume = {462},
        pages = {563},
          doi = {10.1086/177173},
archivePrefix = {arXiv},
       eprint = {astro-ph/9508025},
 primaryClass = {astro-ph},
       adsurl = {https://ui.adsabs.harvard.edu/abs/1996ApJ...462..563N},
      adsnote = {Provided by the SAO/NASA Astrophysics Data System}
}

@ARTICLE{1995ApJ...447L..25B,
       author = {{Burkert}, A.},
        title = "{The Structure of Dark Matter Halos in Dwarf Galaxies}",
      journal = {\apjl},
     keywords = {COSMOLOGY: DARK MATTER, GALAXIES: SPIRAL, GALAXIES: STRUCTURE, Astrophysics},
         year = 1995,
        month = jul,
       volume = {447},
        pages = {L25-L28},
          doi = {10.1086/309560},
archivePrefix = {arXiv},
       eprint = {astro-ph/9504041},
 primaryClass = {astro-ph},
       adsurl = {https://ui.adsabs.harvard.edu/abs/1995ApJ...447L..25B},
      adsnote = {Provided by the SAO/NASA Astrophysics Data System}
}

@ARTICLE{1992A&A...258..223I,
       author = {{Ingrosso}, G. and {Merafina}, M. and {Ruffini}, R. and {Strafella}, F.},
        title = "{System of self-gravitating semidegenerate fermions with a cutoff of energy and angular momentum in their distribution function}",
      journal = {\aap},
     keywords = {Angular Momentum, Cosmology, Distribution Functions, Elementary Particles, Galactic Halos, Gravitational Effects, Dark Matter, Galactic Rotation, Spiral Galaxies, Astrophysics},
         year = 1992,
        month = may,
       volume = {258},
       number = {2},
        pages = {223-233},
       adsurl = {https://ui.adsabs.harvard.edu/abs/1992A&A...258..223I},
      adsnote = {Provided by the SAO/NASA Astrophysics Data System}
}

@ARTICLE{1990A&A...235....1G,
       author = {{Gao}, J.~G. and {Merafina}, M. and {Ruffini}, R.},
        title = "{The semidegenerate configurations of a selfgravitating system of fermions}",
      journal = {\aap},
     keywords = {Cosmology, Degenerate Matter, Fermions, Gravitation Theory, Density Distribution, Distribution Functions, Numerical Integration, Power Series, Relativity, Astrophysics},
         year = 1990,
        month = aug,
       volume = {235},
       number = {1-2},
        pages = {1-7},
       adsurl = {https://ui.adsabs.harvard.edu/abs/1990A&A...235....1G},
      adsnote = {Provided by the SAO/NASA Astrophysics Data System}
}

@ARTICLE{1990ApJ...356..359H,
       author = {{Hernquist}, Lars},
        title = "{An Analytical Model for Spherical Galaxies and Bulges}",
      journal = {\apj},
     keywords = {Computational Astrophysics, Elliptical Galaxies, Galactic Bulge, Galactic Structure, Astronomical Models, Astronomical Photometry, Brightness Distribution, Distribution Functions, Astrophysics, GALAXIES: PHOTOMETRY, GALAXIES: STRUCTURE},
         year = 1990,
        month = jun,
       volume = {356},
        pages = {359},
          doi = {10.1086/168845},
       adsurl = {https://ui.adsabs.harvard.edu/abs/1990ApJ...356..359H},
      adsnote = {Provided by the SAO/NASA Astrophysics Data System}
}

@ARTICLE{1989A&A...223...89E,
       author = {{Einasto}, J. and {Haud}, U.},
        title = "{Galactic models with massive corona. I - Method. II - Galaxy}",
      journal = {\aap},
     keywords = {Astronomical Models, Galactic Mass, Galactic Structure, Computational Astrophysics, Coronas, Galactic Evolution, Iterative Solution, Mass Distribution, Astrophysics},
         year = 1989,
        month = oct,
       volume = {223},
       number = {1-2},
        pages = {89-106},
       adsurl = {https://ui.adsabs.harvard.edu/abs/1989A&A...223...89E},
      adsnote = {Provided by the SAO/NASA Astrophysics Data System}
}

@ARTICLE{1989A&A...221....4M,
       author = {{Merafina}, M. and {Ruffini}, R.},
        title = "{Systems of selfgravitating classical particles with a cutoff in their distribution function}",
      journal = {\aap},
     keywords = {Elementary Particles, Globular Clusters, Quantum Statistics, Relativistic Theory, Boltzmann Distribution, Computational Astrophysics, Gravitational Fields, Vlasov Equations, Astrophysics},
         year = 1989,
        month = aug,
       volume = {221},
       number = {1},
        pages = {4-19},
       adsurl = {https://ui.adsabs.harvard.edu/abs/1989A&A...221....4M},
      adsnote = {Provided by the SAO/NASA Astrophysics Data System}
}

@ARTICLE{1983ApJ...270..371M,
       author = {{Milgrom}, M.},
        title = "{A modification of the Newtonian dynamics - Implications for galaxies.}",
      journal = {\apj},
     keywords = {Galactic Structure, Newton Theory, Stellar Motions, Angular Velocity, Disk Galaxies, Elliptical Galaxies, Galactic Rotation, Mass Distribution, Milky Way Galaxy, Oort Cloud, Astrophysics},
         year = 1983,
        month = jul,
       volume = {270},
        pages = {371-383},
          doi = {10.1086/161131},
       adsurl = {https://ui.adsabs.harvard.edu/abs/1983ApJ...270..371M},
      adsnote = {Provided by the SAO/NASA Astrophysics Data System}
}

@ARTICLE{1983ApJ...270..384M,
       author = {{Milgrom}, M.},
        title = "{A modification of the newtonian dynamics : implications for galaxy systems.}",
      journal = {\apj},
         year = 1983,
        month = jul,
       volume = {270},
        pages = {384-389},
          doi = {10.1086/161132},
       adsurl = {https://ui.adsabs.harvard.edu/abs/1983ApJ...270..384M},
      adsnote = {Provided by the SAO/NASA Astrophysics Data System}
}

@ARTICLE{1983ApJ...270..365M,
       author = {{Milgrom}, M.},
        title = "{A modification of the Newtonian dynamics as a possible alternative to the hidden mass hypothesis.}",
      journal = {\apj},
     keywords = {Cosmology, Galactic Structure, Nonrelativistic Mechanics, Stellar Motions, Particle Acceleration, Solar System, Astrophysics},
         year = 1983,
        month = jul,
       volume = {270},
        pages = {365-370},
          doi = {10.1086/161130},
       adsurl = {https://ui.adsabs.harvard.edu/abs/1983ApJ...270..365M},
      adsnote = {Provided by the SAO/NASA Astrophysics Data System}
}

@ARTICLE{1983MNRAS.202..995J,
       author = {{Jaffe}, W.},
        title = "{A simple model for the distribution of light in spherical galaxies.}",
      journal = {\mnras},
     keywords = {Astronomical Models, Brightness Distribution, Galactic Radiation, Gravitational Fields, Light Emission, Surface Properties, Astrophysics},
         year = 1983,
        month = mar,
       volume = {202},
        pages = {995-999},
          doi = {10.1093/mnras/202.4.995},
       adsurl = {https://ui.adsabs.harvard.edu/abs/1983MNRAS.202..995J},
      adsnote = {Provided by the SAO/NASA Astrophysics Data System}
}

@ARTICLE{1983A&A...119...35R,
       author = {{Ruffini}, R. and {Stella}, L.},
        title = "{On semi-degenerate equilibrium configurations of a collisionless self-gravitating Fermi gas}",
      journal = {\aap},
     keywords = {Cosmology, Galactic Clusters, Galactic Evolution, Galactic Radiation, Gravitation Theory, Neutrinos, Particle Mass, Astronomical Models, Collisionless Plasmas, Gravitational Collapse, Halos, Leptons, Mass Distribution, Astrophysics},
         year = 1983,
        month = mar,
       volume = {119},
       number = {1},
        pages = {35-41},
       adsurl = {https://ui.adsabs.harvard.edu/abs/1983A&A...119...35R},
      adsnote = {Provided by the SAO/NASA Astrophysics Data System}
}

@ARTICLE{1981AJ.....86.1825B,
       author = {{Bosma}, A.},
        title = "{21-cm line studies of spiral galaxies. II. The distribution and kinematics of neutral hydrogen in spiral galaxies of various morphological types.}",
      journal = {\aj},
     keywords = {Mass-Luminosity Relation:Spiral Galaxies, Neutral Hydrogen:Spiral Galaxies, Spiral Galaxies:Kinematics, Spiral Galaxies:Mass Distribution},
         year = 1981,
        month = dec,
       volume = {86},
        pages = {1825-1846},
          doi = {10.1086/113063},
       adsurl = {https://ui.adsabs.harvard.edu/abs/1981AJ.....86.1825B},
      adsnote = {Provided by the SAO/NASA Astrophysics Data System}
}

@ARTICLE{1980ApJ...238..471R,
       author = {{Rubin}, V.~C. and {Ford}, W.~K., Jr. and {Thonnard}, N.},
        title = "{Rotational properties of 21 SC galaxies with a large range of luminosities and radii, from NGC 4605 (R=4kpc) to UGC 2885 (R=122kpc).}",
      journal = {\apj},
     keywords = {Astronomical Spectroscopy, Galactic Evolution, Galactic Rotation, Galaxies, Stellar Luminosity, Dynamic Characteristics, Galactic Nuclei, Morphology, Radial Velocity, Radii, Astrophysics},
         year = 1980,
        month = jun,
       volume = {238},
        pages = {471-487},
          doi = {10.1086/158003},
       adsurl = {https://ui.adsabs.harvard.edu/abs/1980ApJ...238..471R},
      adsnote = {Provided by the SAO/NASA Astrophysics Data System}
}

@ARTICLE{1979PhRvL..42..407T,
       author = {{Tremaine}, Scott and {Gunn}, James E.},
        title = "{Dynamical role of light neutral leptons in cosmology}",
      journal = {\prl},
         year = 1979,
        month = feb,
       volume = {42},
       number = {6},
        pages = {407-410},
          doi = {10.1103/PhysRevLett.42.407},
       adsurl = {https://ui.adsabs.harvard.edu/abs/1979PhRvL..42..407T},
      adsnote = {Provided by the SAO/NASA Astrophysics Data System}
}

@ARTICLE{1977A&A....54..661T,
       author = {{Tully}, R.~B. and {Fisher}, J.~R.},
        title = "{Reprint of 1977A\&A....54..661T. A new method of determining distance to galaxies.}",
      journal = {\aap},
     keywords = {Distance Measuring Equipment, H Lines, Luminous Intensity, Spectral Line Width, Spiral Galaxies, Telescopes, Astronomical Photometry, Calibrating, Galactic Clusters, Galactic Structure, Hubble Diagram, Synoptic Measurement, Astronomy},
         year = 1977,
        month = feb,
       volume = {500},
        pages = {105-117},
       adsurl = {https://ui.adsabs.harvard.edu/abs/1977A&A....54..661T},
      adsnote = {Provided by the SAO/NASA Astrophysics Data System}
}

@ARTICLE{1975PASJ...27..533M,
       author = {{Miyamoto}, M. and {Nagai}, R.},
        title = "{Three-dimensional models for the distribution of mass in galaxies.}",
      journal = {\pasj},
     keywords = {Astronomical Models, Density Distribution, Galactic Structure, Mass Distribution, Potential Theory, Three Dimensional Models, Functions (Mathematics), Globular Clusters, Gravitational Effects, Mathematical Models, Milky Way Galaxy, Astrophysics},
         year = 1975,
        month = jan,
       volume = {27},
        pages = {533-543},
       adsurl = {https://ui.adsabs.harvard.edu/abs/1975PASJ...27..533M},
      adsnote = {Provided by the SAO/NASA Astrophysics Data System}
}

@ARTICLE{1974A&A....37..183A,
       author = {{Aarseth}, S.~J. and {Henon}, M. and {Wielen}, R.},
        title = "{A Comparison of Numerical Methods for the Study of Star Cluster Dynamics}",
      journal = {\aap},
     keywords = {Astronomical Models, Computerized Simulation, Numerical Analysis, Star Clusters, Stellar Evolution, Celestial Mechanics, Fluid Dynamics, Fokker-Planck Equation, Many Body Problem, Mathematical Models, Monte Carlo Method, Numerical Integration, Relaxation Method (Mathematics), Astrophysics},
         year = 1974,
        month = dec,
       volume = {37},
       number = {1},
        pages = {183-187},
       adsurl = {https://ui.adsabs.harvard.edu/abs/1974A&A....37..183A},
      adsnote = {Provided by the SAO/NASA Astrophysics Data System}
}

@ARTICLE{1967MNRAS.136..101L,
       author = {{Lynden-Bell}, D.},
        title = "{Statistical mechanics of violent relaxation in stellar systems}",
      journal = {\mnras},
         year = 1967,
        month = jan,
       volume = {136},
        pages = {101},
          doi = {10.1093/mnras/136.1.101},
       adsurl = {https://ui.adsabs.harvard.edu/abs/1967MNRAS.136..101L},
      adsnote = {Provided by the SAO/NASA Astrophysics Data System}
}

@ARTICLE{1966AJ.....71...64K,
       author = {{King}, Ivan R.},
        title = "{The structure of star clusters. III. Some simple dynamical models}",
      journal = {\aj},
         year = 1966,
        month = feb,
       volume = {71},
        pages = {64},
          doi = {10.1086/109857},
       adsurl = {https://ui.adsabs.harvard.edu/abs/1966AJ.....71...64K},
      adsnote = {Provided by the SAO/NASA Astrophysics Data System}
}

@ARTICLE{1962AJ.....67..471K,
       author = {{King}, Ivan},
        title = "{The structure of star clusters. I. an empirical density law}",
      journal = {\aj},
         year = 1962,
        month = oct,
       volume = {67},
        pages = {471},
          doi = {10.1086/108756},
       adsurl = {https://ui.adsabs.harvard.edu/abs/1962AJ.....67..471K},
      adsnote = {Provided by the SAO/NASA Astrophysics Data System}
}

@ARTICLE{2021arXiv211213664C,
       author = {{Chavanis}, Pierre-Henri},
        title = "{Kinetic theory of collisionless relaxation for systems with long-range interactions}",
      journal = {arXiv e-prints},
     keywords = {Condensed Matter - Statistical Mechanics},
         year = 2021,
        month = dec,
          eid = {arXiv:2112.13664},
        pages = {arXiv:2112.13664},
archivePrefix = {arXiv},
       eprint = {2112.13664},
 primaryClass = {cond-mat.stat-mech},
       adsurl = {https://ui.adsabs.harvard.edu/abs/2021arXiv211213664C},
      adsnote = {Provided by the SAO/NASA Astrophysics Data System}
}

@ARTICLE{1949RvMP...21..531K,
       author = {{Klein}, O.},
        title = "{On the Thermodynamical Equilibrium of Fluids in Gravitational Fields}",
      journal = {Reviews of Modern Physics},
         year = 1949,
        month = jul,
       volume = {21},
       number = {3},
        pages = {531-533},
          doi = {10.1103/RevModPhys.21.531},
       adsurl = {https://ui.adsabs.harvard.edu/abs/1949RvMP...21..531K},
      adsnote = {Provided by the SAO/NASA Astrophysics Data System}
}

@ARTICLE{1933AcHPh...6..110Z,
       author = {{Zwicky}, F.},
        title = "{Die Rotverschiebung von extragalaktischen Nebeln}",
      journal = {Helvetica Physica Acta},
         year = 1933,
        month = jan,
       volume = {6},
        pages = {110-127},
       adsurl = {https://ui.adsabs.harvard.edu/abs/1933AcHPh...6..110Z},
      adsnote = {Provided by the SAO/NASA Astrophysics Data System}
}

@ARTICLE{1930PhRv...36.1791T,
       author = {{Tolman}, Richard C. and {Ehrenfest}, Paul},
        title = "{Temperature Equilibrium in a Static Gravitational Field}",
      journal = {Physical Review},
         year = 1930,
        month = dec,
       volume = {36},
       number = {12},
        pages = {1791-1798},
          doi = {10.1103/PhysRev.36.1791},
       adsurl = {https://ui.adsabs.harvard.edu/abs/1930PhRv...36.1791T},
      adsnote = {Provided by the SAO/NASA Astrophysics Data System}
}

@ARTICLE{1911MNRAS..71..460P,
       author = {{Plummer}, H.~C.},
        title = "{On the problem of distribution in globular star clusters}",
      journal = {\mnras},
         year = 1911,
        month = mar,
       volume = {71},
        pages = {460-470},
          doi = {10.1093/mnras/71.5.460},
       adsurl = {https://ui.adsabs.harvard.edu/abs/1911MNRAS..71..460P},
      adsnote = {Provided by the SAO/NASA Astrophysics Data System}
}

@ARTICLE{1996ApJ...466L...1K,
       author = {{Kull}, Andreas and {Treumann}, Rudolf A. and {Boehringer}, Hans},
        title = "{Violent Relaxation of Indistinguishable Objects and Neutrino Hot Dark Matter in Clusters of Galaxies}",
      journal = {\apjl},
     keywords = {COSMOLOGY: DARK MATTER, GALAXIES: CLUSTERS: GENERAL, METHODS: STATISTICAL, Astrophysics},
         year = 1996,
        month = jul,
       volume = {466},
        pages = {L1},
          doi = {10.1086/310159},
archivePrefix = {arXiv},
       eprint = {astro-ph/9606057},
 primaryClass = {astro-ph},
       adsurl = {https://ui.adsabs.harvard.edu/abs/1996ApJ...466L...1K},
      adsnote = {Provided by the SAO/NASA Astrophysics Data System}
}

@ARTICLE{1996ApJ...471..385C,
       author = {{Chavanis}, P.~H. and {Sommeria}, J. and {Robert}, R.},
        title = "{Statistical Mechanics of Two-dimensional Vortices and Collisionless Stellar Systems}",
      journal = {\apj},
     keywords = {CELESTIAL MECHANICS, STELLAR DYNAMICS, TURBULENCE},
         year = 1996,
        month = nov,
       volume = {471},
        pages = {385},
          doi = {10.1086/177977},
       adsurl = {https://ui.adsabs.harvard.edu/abs/1996ApJ...471..385C},
      adsnote = {Provided by the SAO/NASA Astrophysics Data System}
}

@ARTICLE{1970PhRvL..25.1155K,
       author = {{Kadomtsev}, B.~B. and {Pogutse}, O.~P.},
        title = "{Collisionless Relaxation in Systems with Coulomb Interactions}",
      journal = {\prl},
         year = 1970,
        month = oct,
       volume = {25},
       number = {17},
        pages = {1155-1157},
          doi = {10.1103/PhysRevLett.25.1155},
       adsurl = {https://ui.adsabs.harvard.edu/abs/1970PhRvL..25.1155K},
      adsnote = {Provided by the SAO/NASA Astrophysics Data System}
}

@ARTICLE{1980Ap&SS..72..293S,
       author = {{Severne}, G. and {Luwel}, M.},
        title = "{Dynamical Theory of Collisionless Relaxation}",
      journal = {\apss},
     keywords = {Astrophysics, Collision Parameters, Dynamic Models, Gravitational Effects, Relaxation (Mechanics), Boltzmann Transport Equation, Correlation, Integral Equations, Kinetic Equations, Vlasov Equations, Astrophysics},
         year = 1980,
        month = oct,
       volume = {72},
       number = {2},
        pages = {293-313},
          doi = {10.1007/BF00639139},
       adsurl = {https://ui.adsabs.harvard.edu/abs/1980Ap&SS..72..293S},
      adsnote = {Provided by the SAO/NASA Astrophysics Data System}
}

@ARTICLE{2020PDU....3000699Y,
       author = {{Yunis}, R. and {Arg{\"u}elles}, C.~R. and {Mavromatos}, N.~E. and {Molin{\'e}}, A. and {Krut}, A. and {Carinci}, M. and {Rueda}, J.~A. and {Ruffini}, R.},
        title = "{Galactic center constraints on self-interacting sterile neutrinos from fermionic dark matter (``ino'') models}",
      journal = {Physics of the Dark Universe},
     keywords = {Astrophysics - Cosmology and Nongalactic Astrophysics, Astrophysics - Astrophysics of Galaxies},
         year = 2020,
        month = dec,
       volume = {30},
          eid = {100699},
        pages = {100699},
          doi = {10.1016/j.dark.2020.100699},
archivePrefix = {arXiv},
       eprint = {2008.08464},
 primaryClass = {astro-ph.CO},
       adsurl = {https://ui.adsabs.harvard.edu/abs/2020PDU....3000699Y},
      adsnote = {Provided by the SAO/NASA Astrophysics Data System}
}

@ARTICLE{2019PhRvD.100l3506C,
       author = {{Chavanis}, Pierre-Henri},
        title = "{Derivation of the core mass-halo mass relation of fermionic and bosonic dark matter halos from an effective thermodynamical model}",
      journal = {\prd},
     keywords = {Astrophysics - Cosmology and Nongalactic Astrophysics, General Relativity and Quantum Cosmology},
         year = 2019,
        month = dec,
       volume = {100},
       number = {12},
          eid = {123506},
        pages = {123506},
          doi = {10.1103/PhysRevD.100.123506},
archivePrefix = {arXiv},
       eprint = {1905.08137},
 primaryClass = {astro-ph.CO},
       adsurl = {https://ui.adsabs.harvard.edu/abs/2019PhRvD.100l3506C},
      adsnote = {Provided by the SAO/NASA Astrophysics Data System}
}

@ARTICLE{2011ApJS..197...21H,
       author = {{Ho}, Luis C. and {Li}, Zhao-Yu and {Barth}, Aaron J. and {Seigar}, Marc S. and {Peng}, Chien Y.},
        title = "{The Carnegie-Irvine Galaxy Survey. I. Overview and Atlas of Optical Images}",
      journal = {\apjs},
     keywords = {atlases, galaxies: fundamental parameters, galaxies: general, galaxies: photometry, galaxies: structure, surveys, Astrophysics - Cosmology and Nongalactic Astrophysics, Astrophysics - Astrophysics of Galaxies},
         year = 2011,
        month = dec,
       volume = {197},
       number = {2},
          eid = {21},
        pages = {21},
          doi = {10.1088/0067-0049/197/2/21},
archivePrefix = {arXiv},
       eprint = {1111.4605},
 primaryClass = {astro-ph.CO},
       adsurl = {https://ui.adsabs.harvard.edu/abs/2011ApJS..197...21H},
      adsnote = {Provided by the SAO/NASA Astrophysics Data System}
}

@ARTICLE{1969PhRv..187.1767R,
       author = {{Ruffini}, Remo and {Bonazzola}, Silvano},
        title = "{Systems of Self-Gravitating Particles in General Relativity and the Concept of an Equation of State}",
      journal = {Physical Review},
         year = 1969,
        month = nov,
       volume = {187},
       number = {5},
        pages = {1767-1783},
          doi = {10.1103/PhysRev.187.1767},
       adsurl = {https://ui.adsabs.harvard.edu/abs/1969PhRv..187.1767R},
      adsnote = {Provided by the SAO/NASA Astrophysics Data System}
}

@ARTICLE{2019MNRAS.483.4086B,
       author = {{Bozek}, Brandon and {Fitts}, Alex and {Boylan-Kolchin}, Michael and {Garrison-Kimmel}, Shea and {Abazajian}, Kevork and {Bullock}, James S. and {Kere{\v{s}}}, Du{\v{s}}an and {Faucher-Gigu{\`e}re}, Claude-Andr{\'e} and {Wetzel}, Andrew and {Feldmann}, Robert and {Hopkins}, Philip F.},
        title = "{Warm FIRE: simulating galaxy formation with resonant sterile neutrino dark matter}",
      journal = {\mnras},
     keywords = {galaxies: dwarf, galaxies: evolution, galaxies: formation, galaxies: star formation, cosmology: theory, dark matter, Astrophysics - Astrophysics of Galaxies, Astrophysics - Cosmology and Nongalactic Astrophysics},
         year = 2019,
        month = mar,
       volume = {483},
       number = {3},
        pages = {4086-4099},
          doi = {10.1093/mnras/sty3300},
archivePrefix = {arXiv},
       eprint = {1803.05424},
 primaryClass = {astro-ph.GA},
       adsurl = {https://ui.adsabs.harvard.edu/abs/2019MNRAS.483.4086B},
      adsnote = {Provided by the SAO/NASA Astrophysics Data System}
}

@ARTICLE{2014MNRAS.441.3359D,
       author = {{Dutton}, Aaron A. and {Macci{\`o}}, Andrea V.},
        title = "{Cold dark matter haloes in the Planck era: evolution of structural parameters for Einasto and NFW profiles}",
      journal = {\mnras},
     keywords = {methods: numerical, galaxies: haloes, cosmology: theory, dark matter, Astrophysics - Cosmology and Nongalactic Astrophysics},
        month = jul,
       volume = {441},
       number = {4},
        pages = {3359-3374},
          doi = {10.1093/mnras/stu742},
archivePrefix = {arXiv},
       eprint = {1402.7073},
 primaryClass = {astro-ph.CO},
       adsurl = {https://ui.adsabs.harvard.edu/abs/2014MNRAS.441.3359D},
      adsnote = {Provided by the SAO/NASA Astrophysics Data System}
}

@ARTICLE{2012A&A...540A..70R,
       author = {{Retana-Montenegro}, E. and {van Hese}, E. and {Gentile}, G. and {Baes}, M. and {Frutos-Alfaro}, F.},
        title = "{Analytical properties of Einasto dark matter haloes}",
      journal = {\aap},
     keywords = {gravitational lensing: weak, galaxies: clusters: general, dark matter, methods: analytical, galaxies: halos, gravitational lensing: strong, Astrophysics - Cosmology and Extragalactic Astrophysics},
         year = 2012,
        month = apr,
       volume = {540},
          eid = {A70},
        pages = {A70},
          doi = {10.1051/0004-6361/201118543},
archivePrefix = {arXiv},
       eprint = {1202.5242},
 primaryClass = {astro-ph.CO},
       adsurl = {https://ui.adsabs.harvard.edu/abs/2012A&A...540A..70R},
      adsnote = {Provided by the SAO/NASA Astrophysics Data System}
}

@ARTICLE{2022MNRAS.515.1316P,
       author = {{Pelle}, Joaquin and {Reula}, Oscar and {Carrasco}, Federico and {Bederian}, Carlos},
        title = "{Skylight: a new code for general-relativistic ray-tracing and radiative transfer in arbitrary space-times}",
      journal = {\mnras},
     keywords = {black hole physics, gravitation, radiative transfer, methods: numerical, Astrophysics - High Energy Astrophysical Phenomena, General Relativity and Quantum Cosmology},
         year = 2022,
        month = sep,
       volume = {515},
       number = {1},
        pages = {1316-1327},
          doi = {10.1093/mnras/stac1857},
archivePrefix = {arXiv},
       eprint = {2206.06429},
 primaryClass = {astro-ph.HE},
       adsurl = {https://ui.adsabs.harvard.edu/abs/2022MNRAS.515.1316P},
      adsnote = {Provided by the SAO/NASA Astrophysics Data System}
}

@ARTICLE{2013ApJ...770...57B,
       author = {{Behroozi}, Peter S. and {Wechsler}, Risa H. and {Conroy}, Charlie},
        title = "{The Average Star Formation Histories of Galaxies in Dark Matter Halos from z = 0-8}",
      journal = {\apj},
     keywords = {dark matter, galaxies: abundances, galaxies: evolution, methods: numerical, Astrophysics - Cosmology and Extragalactic Astrophysics},
         year = 2013,
        month = jun,
       volume = {770},
       number = {1},
          eid = {57},
        pages = {57},
          doi = {10.1088/0004-637X/770/1/57},
archivePrefix = {arXiv},
       eprint = {1207.6105},
 primaryClass = {astro-ph.CO},
       adsurl = {https://ui.adsabs.harvard.edu/abs/2013ApJ...770...57B},
      adsnote = {Provided by the SAO/NASA Astrophysics Data System}
}

@ARTICLE{2017MNRAS.464.2419S,
       author = {{Sales}, Laura V. and {Navarro}, Julio F. and {Oman}, Kyle and {Fattahi}, Azadeh and {Ferrero}, Ismael and {Abadi}, Mario and {Bower}, Richard and {Crain}, Robert A. and {Frenk}, Carlos S. and {Sawala}, Till and {Schaller}, Matthieu and {Schaye}, Joop and {Theuns}, Tom and {White}, Simon D.~M.},
        title = "{The low-mass end of the baryonic Tully-Fisher relation}",
      journal = {\mnras},
     keywords = {galaxies: evolution, galaxies: haloes, galaxies: structure, Astrophysics - Astrophysics of Galaxies, Astrophysics - Cosmology and Nongalactic Astrophysics},
         year = 2017,
        month = jan,
       volume = {464},
       number = {2},
        pages = {2419-2428},
          doi = {10.1093/mnras/stw2461},
archivePrefix = {arXiv},
       eprint = {1602.02155},
 primaryClass = {astro-ph.GA},
       adsurl = {https://ui.adsabs.harvard.edu/abs/2017MNRAS.464.2419S},
      adsnote = {Provided by the SAO/NASA Astrophysics Data System}
}

